; Spiir import for 2016
; Generated by import_spiir.py

2016-01-12 * "Opening Balance" "" #spiir
  Assets:Checking:Primary  14713.29 DKK
  Equity:Opening-Balances  -14713.29 DKK

2016-01-12 * "VDK USD 3,54" "Ferieaktiviteter" #spiir
  spiir-id: "636225015934674460"
  Assets:Checking:Primary  -24.81 DKK
  Expenses:Travel:Activities  24.81 DKK

2016-01-12 * "VDK USD 28,00" "Ferieaktiviteter" #spiir
  spiir-id: "636225015934674461"
  Assets:Checking:Primary  -196.24 DKK
  Expenses:Travel:Activities  196.24 DKK

2016-01-12 * "VDK USD 10,50" "Ferieaktiviteter" #spiir
  spiir-id: "636225015934674462"
  Assets:Checking:Primary  -73.59 DKK
  Expenses:Travel:Activities  73.59 DKK

2016-01-12 * "VDK USD 7,84" "Ferieaktiviteter" #spiir
  spiir-id: "636225015934674463"
  Assets:Checking:Primary  -54.95 DKK
  Expenses:Travel:Activities  54.95 DKK

2016-01-12 * "VDK USD 32,12" "Ferieaktiviteter" #spiir
  spiir-id: "636225015934674464"
  Assets:Checking:Primary  -225.12 DKK
  Expenses:Travel:Activities  225.12 DKK

2016-01-12 * "VDK USD 1,50" "Ferieaktiviteter" #spiir
  spiir-id: "636225015934674465"
  Assets:Checking:Primary  -10.52 DKK
  Expenses:Travel:Activities  10.52 DKK

2016-01-12 * "VDK USD 9,61" "Ferieaktiviteter" #spiir
  spiir-id: "636225015934674466"
  Assets:Checking:Primary  -67.36 DKK
  Expenses:Travel:Activities  67.36 DKK

2016-01-12 * "VDK USD 19,96" "Ferieaktiviteter" #spiir
  spiir-id: "636225015934674467"
  Assets:Checking:Primary  -139.89 DKK
  Expenses:Travel:Activities  139.89 DKK

2016-01-12 * "VDK USD 14,57" "Ferieaktiviteter" #spiir
  spiir-id: "636225015934674468"
  Assets:Checking:Primary  -102.12 DKK
  Expenses:Travel:Activities  102.12 DKK

2016-01-12 * "VDK USD 12,00" "Ferieaktiviteter" #spiir
  spiir-id: "636225015934674469"
  Assets:Checking:Primary  -84.10 DKK
  Expenses:Travel:Activities  84.10 DKK

2016-01-12 * "VDK USD 30,70" "Ferieaktiviteter" #spiir
  spiir-id: "636225015934674470"
  Assets:Checking:Primary  -215.16 DKK
  Expenses:Travel:Activities  215.16 DKK

2016-01-12 * "VDK USD 14,97" "Ferieaktiviteter" #spiir
  spiir-id: "636225015934674471"
  Assets:Checking:Primary  -104.92 DKK
  Expenses:Travel:Activities  104.92 DKK

2016-01-12 * "VDK USD 3,25" "Ferieaktiviteter" #spiir
  spiir-id: "636225015934674472"
  Assets:Checking:Primary  -22.78 DKK
  Expenses:Travel:Activities  22.78 DKK

2016-01-12 * "VDK USD 117,50" "Ferieaktiviteter" #spiir
  spiir-id: "636225015934674473"
  Assets:Checking:Primary  -823.51 DKK
  Expenses:Travel:Activities  823.51 DKK

2016-01-12 * "VDK USD 4,00" "Ferieaktiviteter" #spiir
  spiir-id: "636225015934674474"
  Assets:Checking:Primary  -28.03 DKK
  Expenses:Travel:Activities  28.03 DKK

2016-01-13 * "VDK USD 3,75" "Online services & software" #spiir
  spiir-id: "636225015934674475"
  Assets:Checking:Primary  -26.21 DKK
  Expenses:Subscriptions:Software  26.21 DKK

2016-01-13 * "VDK USD 12,00" "Ferieaktiviteter" #spiir
  spiir-id: "636225015934674476"
  Assets:Checking:Primary  -83.87 DKK
  Expenses:Travel:Activities  83.87 DKK

2016-01-14 * "VDK USD 3,81" "Ferieaktiviteter" #spiir
  spiir-id: "636225015934674477"
  Assets:Checking:Primary  -26.63 DKK
  Expenses:Travel:Activities  26.63 DKK

2016-01-14 * "VDK USD 12,87" "Ferieaktiviteter" #spiir
  spiir-id: "636225015934674478"
  Assets:Checking:Primary  -89.97 DKK
  Expenses:Travel:Activities  89.97 DKK

2016-01-14 * "VDK USD 28,00" "Ferieaktiviteter" #spiir
  spiir-id: "636225015934674479"
  Assets:Checking:Primary  -195.73 DKK
  Expenses:Travel:Activities  195.73 DKK

2016-01-14 * "VDK USD 13,95" "Online services & software" #spiir
  spiir-id: "636225015934674480"
  Assets:Checking:Primary  -97.52 DKK
  Expenses:Subscriptions:Software  97.52 DKK

2016-01-15 * "VDK USD 32,94" "Ferieaktiviteter" #spiir
  spiir-id: "636225015934674481"
  Assets:Checking:Primary  -230.88 DKK
  Expenses:Travel:Activities  230.88 DKK

2016-01-15 * "VDK USD 14,42" "Ferieaktiviteter" #spiir
  spiir-id: "636225015934674482"
  Assets:Checking:Primary  -101.07 DKK
  Expenses:Travel:Activities  101.07 DKK

2016-01-15 * "VDK USD 4,90" "Ferieaktiviteter" #spiir
  spiir-id: "636225015934674483"
  Assets:Checking:Primary  -34.35 DKK
  Expenses:Travel:Activities  34.35 DKK

2016-01-15 * "VDK USD 13,01" "Ferieaktiviteter" #spiir
  spiir-id: "636225015934674484"
  Assets:Checking:Primary  -91.19 DKK
  Expenses:Travel:Activities  91.19 DKK

2016-01-16 * "VDK USD 16,66" "Ferieaktiviteter" #spiir
  spiir-id: "636225015934674485"
  Assets:Checking:Primary  -116.57 DKK
  Expenses:Travel:Activities  116.57 DKK

2016-01-16 * "VDK USD 17,19" "Film, musik & læsestof" #spiir
  spiir-id: "636225015934674486"
  Assets:Checking:Primary  -120.28 DKK
  Expenses:Entertainment:Media  120.28 DKK

2016-01-16 * "VDK USD 8,44" "Ferieaktiviteter" #spiir
  spiir-id: "636225015934674487"
  Assets:Checking:Primary  -59.05 DKK
  Expenses:Travel:Activities  59.05 DKK

2016-01-19 * "VDK USD 2,18" "Ferieaktiviteter" #spiir
  spiir-id: "636225015934674488"
  Assets:Checking:Primary  -15.25 DKK
  Expenses:Travel:Activities  15.25 DKK

2016-01-19 * "VDK USD 46,00" "Ferieaktiviteter" #spiir
  spiir-id: "636225015934674489"
  Assets:Checking:Primary  -321.61 DKK
  Expenses:Travel:Activities  321.61 DKK

2016-01-19 * "VDK USD 30,22" "Ferieaktiviteter" #spiir
  spiir-id: "636225015934674490"
  Assets:Checking:Primary  -211.28 DKK
  Expenses:Travel:Activities  211.28 DKK

2016-01-19 * "VDK USD 4,90" "Ferieaktiviteter" #spiir
  spiir-id: "636225015934674491"
  Assets:Checking:Primary  -34.26 DKK
  Expenses:Travel:Activities  34.26 DKK

2016-01-19 * "VDK USD 9,75" "Ferieaktiviteter" #spiir
  spiir-id: "636225015934674492"
  Assets:Checking:Primary  -68.17 DKK
  Expenses:Travel:Activities  68.17 DKK

2016-01-19 * "VDK USD 61,75" "Ferieaktiviteter" #spiir
  spiir-id: "636225015934674493"
  Assets:Checking:Primary  -431.73 DKK
  Expenses:Travel:Activities  431.73 DKK

2016-01-19 * "VDK USD 5,49" "Ferieaktiviteter" #spiir
  spiir-id: "636225015934674494"
  Assets:Checking:Primary  -38.39 DKK
  Expenses:Travel:Activities  38.39 DKK

2016-01-19 * "VDK USD 11,16" "Ferieaktiviteter" #spiir
  spiir-id: "636225015934674495"
  Assets:Checking:Primary  -78.02 DKK
  Expenses:Travel:Activities  78.02 DKK

2016-01-19 * "VDK USD 7,69" "Ferieaktiviteter" #spiir
  spiir-id: "636225015934674496"
  Assets:Checking:Primary  -53.76 DKK
  Expenses:Travel:Activities  53.76 DKK

2016-01-19 * "Gebyr udb.Visa/Dankort" "Bankgebyrer" #spiir
  spiir-id: "636225015934674497"
  Assets:Checking:Primary  -30.00 DKK
  Expenses:Bank:Fees  30.00 DKK

2016-01-20 * "VDK DKK 99,00" "Film, musik & læsestof" #spiir
  spiir-id: "636225015934674498"
  Assets:Checking:Primary  -99.00 DKK
  Expenses:Entertainment:Media  99.00 DKK

2016-01-20 * "VDK USD 264,71" "Ferieaktiviteter" #spiir
  spiir-id: "636225015934674499"
  Assets:Checking:Primary  -1843.90 DKK
  Expenses:Travel:Activities  1843.90 DKK

2016-01-20 * "VDK USD 19,96" "Ferieaktiviteter" #spiir
  spiir-id: "636225015934674500"
  Assets:Checking:Primary  -139.03 DKK
  Expenses:Travel:Activities  139.03 DKK

2016-01-20 * "VDK USD 4,90" "Ferieaktiviteter" #spiir
  spiir-id: "636225015934674501"
  Assets:Checking:Primary  -34.13 DKK
  Expenses:Travel:Activities  34.13 DKK

2016-01-20 * "VDK USD 9,36" "Ferieaktiviteter" #spiir
  spiir-id: "636225015934674502"
  Assets:Checking:Primary  -65.20 DKK
  Expenses:Travel:Activities  65.20 DKK

2016-01-21 * "VDK USD 4,90" "Ferieaktiviteter" #spiir
  spiir-id: "636225015934674503"
  Assets:Checking:Primary  -34.18 DKK
  Expenses:Travel:Activities  34.18 DKK

2016-01-22 * "VDK USD 22,69" "Ferieaktiviteter" #spiir
  spiir-id: "636225015934674504"
  Assets:Checking:Primary  -158.20 DKK
  Expenses:Travel:Activities  158.20 DKK

2016-01-22 * "VDK DKK 794,85" "" #spiir
  spiir-id: "636225015934674505"
  Assets:Checking:Primary  -794.85 DKK
  Expenses:Uncategorized  794.85 DKK

2016-01-22 * "VDK USD 4,90" "Ferieaktiviteter" #spiir
  spiir-id: "636225015934674506"
  Assets:Checking:Primary  -34.16 DKK
  Expenses:Travel:Activities  34.16 DKK

2016-01-23 * "VDK USD 3,81" "Ferieaktiviteter" #spiir
  spiir-id: "636225015934674507"
  Assets:Checking:Primary  -26.74 DKK
  Expenses:Travel:Activities  26.74 DKK

2016-01-23 * "VDK USD 10,62" "Ferieaktiviteter" #spiir
  spiir-id: "636225015934674508"
  Assets:Checking:Primary  -74.52 DKK
  Expenses:Travel:Activities  74.52 DKK

2016-01-23 * "VDK USD 27,13" "Ferieaktiviteter" #spiir
  spiir-id: "636225015934674509"
  Assets:Checking:Primary  -190.37 DKK
  Expenses:Travel:Activities  190.37 DKK

2016-01-26 * "VDK USD 6,50" "Ferieaktiviteter" #spiir
  spiir-id: "636225015934674510"
  Assets:Checking:Primary  -45.68 DKK
  Expenses:Travel:Activities  45.68 DKK

2016-01-26 * "VDK USD 45,45" "Ferieaktiviteter" #spiir
  spiir-id: "636225015934674511"
  Assets:Checking:Primary  -319.37 DKK
  Expenses:Travel:Activities  319.37 DKK

2016-01-26 * "VDK USD 15,60" "Ferieaktiviteter" #spiir
  spiir-id: "636225015934674512"
  Assets:Checking:Primary  -109.62 DKK
  Expenses:Travel:Activities  109.62 DKK

2016-01-26 * "VDK DKK 79,00" "" #spiir
  spiir-id: "636225015934674513"
  Assets:Checking:Primary  -79.00 DKK
  Expenses:Uncategorized  79.00 DKK

2016-01-26 * "VDK USD 5,43" "Ferieaktiviteter" #spiir
  spiir-id: "636225015934674514"
  Assets:Checking:Primary  -38.15 DKK
  Expenses:Travel:Activities  38.15 DKK

2016-01-26 * "VDK USD 26,95" "Ferieaktiviteter" #spiir
  spiir-id: "636225015934674515"
  Assets:Checking:Primary  -189.37 DKK
  Expenses:Travel:Activities  189.37 DKK

2016-01-26 * "VDK USD 11,75" "Ferieaktiviteter" #spiir
  spiir-id: "636225015934674516"
  Assets:Checking:Primary  -82.56 DKK
  Expenses:Travel:Activities  82.56 DKK

2016-01-26 * "VDK USD 4,90" "Ferieaktiviteter" #spiir
  spiir-id: "636225015934674517"
  Assets:Checking:Primary  -34.43 DKK
  Expenses:Travel:Activities  34.43 DKK

2016-01-26 * "MobilePay: David" "" #spiir
  spiir-id: "636225015934674518"
  Assets:Checking:Primary  125.00 DKK
  Expenses:Uncategorized  -125.00 DKK

2016-01-26 * "MobilePay: Maria Kieler" "" #spiir
  spiir-id: "636225015934674519"
  Assets:Checking:Primary  125.00 DKK
  Expenses:Uncategorized  -125.00 DKK

2016-01-26 * "MobilePay" "" #spiir
  spiir-id: "636225015934674520"
  Assets:Checking:Primary  -184.00 DKK
  Expenses:Uncategorized  184.00 DKK

2016-01-27 * "VDK USD 7,00" "Online services & software" #spiir
  spiir-id: "636225015934674521"
  Assets:Checking:Primary  -49.14 DKK
  Expenses:Subscriptions:Software  49.14 DKK

2016-01-27 * "VDK DKK 106,79" "" #spiir
  spiir-id: "636225015934674522"
  Assets:Checking:Primary  -106.79 DKK
  Expenses:Uncategorized  106.79 DKK

2016-01-27 * "VDK USD 62,50" "Ferieaktiviteter" #spiir
  spiir-id: "636225015934674523"
  Assets:Checking:Primary  -438.75 DKK
  Expenses:Travel:Activities  438.75 DKK

2016-01-27 * "VDK USD 15,52" "Ferieaktiviteter" #spiir
  spiir-id: "636225015934674524"
  Assets:Checking:Primary  -108.95 DKK
  Expenses:Travel:Activities  108.95 DKK

2016-01-27 * "VDK USD 6,50" "Ferieaktiviteter" #spiir
  spiir-id: "636225015934674525"
  Assets:Checking:Primary  -45.63 DKK
  Expenses:Travel:Activities  45.63 DKK

2016-01-27 * "VDK USD 4,81" "Ferieaktiviteter" #spiir
  spiir-id: "636225015934674526"
  Assets:Checking:Primary  -33.77 DKK
  Expenses:Travel:Activities  33.77 DKK

2016-01-27 * "VDK USD 26,59" "Ferieaktiviteter" #spiir
  spiir-id: "636225015934674527"
  Assets:Checking:Primary  -186.67 DKK
  Expenses:Travel:Activities  186.67 DKK

2016-01-27 * "VDK USD 4,90" "Ferieaktiviteter" #spiir
  spiir-id: "636225015934674528"
  Assets:Checking:Primary  -34.40 DKK
  Expenses:Travel:Activities  34.40 DKK

2016-01-27 * "Gebyr udb.Visa/Dankort" "Bankgebyrer" #spiir
  spiir-id: "636225015934674529"
  Assets:Checking:Primary  -30.00 DKK
  Expenses:Bank:Fees  30.00 DKK

2016-01-28 * "VDK USD 4,90" "Ferieaktiviteter" #spiir
  spiir-id: "636225015934674530"
  Assets:Checking:Primary  -34.31 DKK
  Expenses:Travel:Activities  34.31 DKK

2016-01-28 * "Lønoverførsel" "Løn" #spiir
  spiir-id: "636225015934674531"
  Assets:Checking:Primary  22750.33 DKK
  Income:Salary  -22750.33 DKK

2016-01-29 * "VDK USD 27,45" "Ferieaktiviteter" #spiir
  spiir-id: "636225015934674532"
  Assets:Checking:Primary  -192.10 DKK
  Expenses:Travel:Activities  192.10 DKK

2016-01-29 * "VDK USD 49,41" "Ferieaktiviteter" #spiir
  spiir-id: "636225015934674533"
  Assets:Checking:Primary  -345.78 DKK
  Expenses:Travel:Activities  345.78 DKK

2016-01-29 * "VDK USD 22,50" "Ferieaktiviteter" #spiir
  spiir-id: "636225015934674534"
  Assets:Checking:Primary  -157.46 DKK
  Expenses:Travel:Activities  157.46 DKK

2016-01-29 * "VDK USD 23,70" "Ferieaktiviteter" #spiir
  spiir-id: "636225015934674535"
  Assets:Checking:Primary  -165.86 DKK
  Expenses:Travel:Activities  165.86 DKK

2016-01-29 * "VDK USD 8,48" "Ferieaktiviteter" #spiir
  spiir-id: "636225015934674536"
  Assets:Checking:Primary  -59.35 DKK
  Expenses:Travel:Activities  59.35 DKK

2016-01-29 * "VDK USD 4,90" "Ferieaktiviteter" #spiir
  spiir-id: "636225015934674537"
  Assets:Checking:Primary  -34.29 DKK
  Expenses:Travel:Activities  34.29 DKK

2016-01-29 * "Husleje" "" #spiir
  spiir-id: "636225015934674538"
  Assets:Checking:Primary  -4595.00 DKK
  Expenses:Uncategorized  4595.00 DKK

2016-01-29 * "Fly billet" "" #spiir
  spiir-id: "636225015934674539"
  Assets:Checking:Primary  -3000.00 DKK
  Expenses:Uncategorized  3000.00 DKK

2016-01-30 * "VDK DKK 232,97" "" #spiir
  spiir-id: "636225015934674540"
  Assets:Checking:Primary  -232.97 DKK
  Expenses:Uncategorized  232.97 DKK

2016-01-30 * "VDK USD 2,67" "Ferieaktiviteter" #spiir
  spiir-id: "636225015934674541"
  Assets:Checking:Primary  -18.63 DKK
  Expenses:Travel:Activities  18.63 DKK

2016-01-30 * "Fiol Optik" "Briller & kontaktlinser" #spiir
  spiir-id: "636225015934674542"
  Assets:Checking:Primary  -330.00 DKK
  Expenses:Health:Vision  330.00 DKK

2016-01-30 * "3 (hi3g Denmark Aps)" "Telefoni & internet" #spiir
  spiir-id: "636225015934674543"
  Assets:Checking:Primary  -496.25 DKK
  Expenses:Subscriptions:Telecom  496.25 DKK

2016-01-30 * "Tryg" "Indbo- & familieforsikring" #spiir
  spiir-id: "636225015934674544"
  Assets:Checking:Primary  -245.95 DKK
  Expenses:House:Contents-Insurance  245.95 DKK

2016-01-30 * "Tryg" "Indbo- & familieforsikring" #spiir
  spiir-id: "636225015934674545"
  Assets:Checking:Primary  -123.26 DKK
  Expenses:House:Contents-Insurance  123.26 DKK

2016-02-01 * "EL" "" #spiir
  spiir-id: "636225015934674546"
  Assets:Checking:Primary  -367.00 DKK
  Expenses:Uncategorized  367.00 DKK

2016-02-01 * "Madbudget" "" #spiir
  spiir-id: "636225015934674547"
  Assets:Checking:Primary  -2000.00 DKK
  Expenses:Uncategorized  2000.00 DKK

2016-02-01 * "Opsparing" "" #spiir
  spiir-id: "636225015934674548"
  Assets:Checking:Primary  -7000.00 DKK
  Expenses:Uncategorized  7000.00 DKK

2016-02-01 * "Far" "Gaver & velgørenhed" #spiir
  spiir-id: "636225015934674549"
  Assets:Checking:Primary  -1000.00 DKK
  Expenses:Gifts  1000.00 DKK

2016-02-01 * "Gebyrer i alt" "Bankgebyrer" #spiir
  spiir-id: "636225015934674550"
  Assets:Checking:Primary  -5.00 DKK
  Expenses:Bank:Fees  5.00 DKK

2016-02-02 * "VDK USD 9,99" "Online services & software" #spiir
  spiir-id: "636225015934674551"
  Assets:Checking:Primary  -69.67 DKK
  Expenses:Subscriptions:Software  69.67 DKK

2016-02-02 * "VDK USD 82,25" "Ferieaktiviteter" #spiir
  spiir-id: "636225015934674552"
  Assets:Checking:Primary  -573.63 DKK
  Expenses:Travel:Activities  573.63 DKK

2016-02-02 * "VDK USD 26,71" "Ferieaktiviteter" #spiir
  spiir-id: "636225015934674553"
  Assets:Checking:Primary  -186.28 DKK
  Expenses:Travel:Activities  186.28 DKK

2016-02-02 * "VDK USD 204,84" "Ferieaktiviteter" #spiir
  spiir-id: "636225015934674554"
  Assets:Checking:Primary  -1428.59 DKK
  Expenses:Travel:Activities  1428.59 DKK

2016-02-02 * "VDK USD 5,79" "Ferieaktiviteter" #spiir
  spiir-id: "636225015934674555"
  Assets:Checking:Primary  -40.38 DKK
  Expenses:Travel:Activities  40.38 DKK

2016-02-02 * "VDK USD 14,92" "Ferieaktiviteter" #spiir
  spiir-id: "636225015934674556"
  Assets:Checking:Primary  -104.06 DKK
  Expenses:Travel:Activities  104.06 DKK

2016-02-02 * "VDK USD 2,18" "Ferieaktiviteter" #spiir
  spiir-id: "636225015934674557"
  Assets:Checking:Primary  -15.20 DKK
  Expenses:Travel:Activities  15.20 DKK

2016-02-02 * "Gebyr udb.Visa/Dankort" "Bankgebyrer" #spiir
  spiir-id: "636225015934674558"
  Assets:Checking:Primary  -30.00 DKK
  Expenses:Bank:Fees  30.00 DKK

2016-02-03 * "VDK USD 16,07" "Ferieaktiviteter" #spiir
  spiir-id: "636225015934674559"
  Assets:Checking:Primary  -112.59 DKK
  Expenses:Travel:Activities  112.59 DKK

2016-02-04 * "VDK USD 9,75" "Ferieaktiviteter" #spiir
  spiir-id: "636225015934674560"
  Assets:Checking:Primary  -67.91 DKK
  Expenses:Travel:Activities  67.91 DKK

2016-02-04 * "VDK USD 3,75" "Online services & software" #spiir
  spiir-id: "636225015934674561"
  Assets:Checking:Primary  -26.12 DKK
  Expenses:Subscriptions:Software  26.12 DKK

2016-02-04 * "VDK USD 13,89" "Ferieaktiviteter" #spiir
  spiir-id: "636225015934674562"
  Assets:Checking:Primary  -96.75 DKK
  Expenses:Travel:Activities  96.75 DKK

2016-02-04 * "VDK USD 11,75" "Ferieaktiviteter" #spiir
  spiir-id: "636225015934674563"
  Assets:Checking:Primary  -81.84 DKK
  Expenses:Travel:Activities  81.84 DKK

2016-02-04 * "VDK USD 2,67" "Ferieaktiviteter" #spiir
  spiir-id: "636225015934674564"
  Assets:Checking:Primary  -18.59 DKK
  Expenses:Travel:Activities  18.59 DKK

2016-02-05 * "VDK USD 26,14" "Ferieaktiviteter" #spiir
  spiir-id: "636225015934674565"
  Assets:Checking:Primary  -181.79 DKK
  Expenses:Travel:Activities  181.79 DKK

2016-02-05 * "VDK DKK 481,00" "Hobby & sportsudstyr" #spiir #Klatring
  spiir-id: "636225015934674566"
  Assets:Checking:Primary  -481.00 DKK
  Expenses:Shopping:Sports  481.00 DKK

2016-02-05 * "VDK USD 2,99" "Online services & software" #spiir
  spiir-id: "636225015934674567"
  Assets:Checking:Primary  -20.80 DKK
  Expenses:Subscriptions:Software  20.80 DKK

2016-02-05 * "VDK USD 9,68" "Ferieaktiviteter" #spiir
  spiir-id: "636225015934674568"
  Assets:Checking:Primary  -67.31 DKK
  Expenses:Travel:Activities  67.31 DKK

2016-02-05 * "Ingeniørforeningen" "Fagforening & a-kasse" #spiir
  spiir-id: "636225015934674569"
  Assets:Checking:Primary  -878.25 DKK
  Expenses:Insurance:Union  878.25 DKK

2016-02-06 * "VDK USD 2,67" "Ferieaktiviteter" #spiir
  spiir-id: "636225015934674570"
  Assets:Checking:Primary  -18.26 DKK
  Expenses:Travel:Activities  18.26 DKK

2016-02-06 * "VDK DKK 167,54" "Ferieaktiviteter" #spiir
  spiir-id: "636225015934674571"
  Assets:Checking:Primary  -167.54 DKK
  Expenses:Travel:Activities  167.54 DKK

2016-02-09 * "VDK USD 13,98" "Online services & software" #spiir
  spiir-id: "636225015934674572"
  Assets:Checking:Primary  -95.04 DKK
  Expenses:Subscriptions:Software  95.04 DKK

2016-02-09 * "VDK USD 20,10" "Ferieaktiviteter" #spiir
  spiir-id: "636225015934674573"
  Assets:Checking:Primary  -136.65 DKK
  Expenses:Travel:Activities  136.65 DKK

2016-02-09 * "VDK USD 6,74" "Ferieaktiviteter" #spiir
  spiir-id: "636225015934674574"
  Assets:Checking:Primary  -45.83 DKK
  Expenses:Travel:Activities  45.83 DKK

2016-02-09 * "VDK USD 11,43" "Ferieaktiviteter" #spiir
  spiir-id: "636225015934674575"
  Assets:Checking:Primary  -77.71 DKK
  Expenses:Travel:Activities  77.71 DKK

2016-02-09 * "VDK USD 2,67" "Ferieaktiviteter" #spiir
  spiir-id: "636225015934674576"
  Assets:Checking:Primary  -18.15 DKK
  Expenses:Travel:Activities  18.15 DKK

2016-02-09 * "VDK USD 29,59" "Ferieaktiviteter" #spiir
  spiir-id: "636225015934674577"
  Assets:Checking:Primary  -201.17 DKK
  Expenses:Travel:Activities  201.17 DKK

2016-02-09 * "VDK USD 5,75" "Ferieaktiviteter" #spiir
  spiir-id: "636225015934674578"
  Assets:Checking:Primary  -39.09 DKK
  Expenses:Travel:Activities  39.09 DKK

2016-02-09 * "VDK USD 80,87" "Ferieaktiviteter" #spiir
  spiir-id: "636225015934674579"
  Assets:Checking:Primary  -549.81 DKK
  Expenses:Travel:Activities  549.81 DKK

2016-02-09 * "VDK USD 116,50" "Ferieaktiviteter" #spiir
  spiir-id: "636225015934674580"
  Assets:Checking:Primary  -792.03 DKK
  Expenses:Travel:Activities  792.03 DKK

2016-02-09 * "VDK USD 7,00" "Online services & software" #spiir
  spiir-id: "636225015934674581"
  Assets:Checking:Primary  -47.59 DKK
  Expenses:Subscriptions:Software  47.59 DKK

2016-02-09 * "VDK USD 7,48" "Ferieaktiviteter" #spiir
  spiir-id: "636225015934674582"
  Assets:Checking:Primary  -50.85 DKK
  Expenses:Travel:Activities  50.85 DKK

2016-02-09 * "VDK USD 20,42" "Ferieaktiviteter" #spiir
  spiir-id: "636225015934674583"
  Assets:Checking:Primary  -138.83 DKK
  Expenses:Travel:Activities  138.83 DKK

2016-02-09 * "VDK USD 2,67" "Ferieaktiviteter" #spiir
  spiir-id: "636225015934674584"
  Assets:Checking:Primary  -18.15 DKK
  Expenses:Travel:Activities  18.15 DKK

2016-02-10 * "VDK USD 13,05" "Ferieaktiviteter" #spiir
  spiir-id: "636225015934674585"
  Assets:Checking:Primary  -89.17 DKK
  Expenses:Travel:Activities  89.17 DKK

2016-02-10 * "VDK USD 20,98" "Ferieaktiviteter" #spiir
  spiir-id: "636225015934674586"
  Assets:Checking:Primary  -143.35 DKK
  Expenses:Travel:Activities  143.35 DKK

2016-02-10 * "VDK USD 7,00" "Online services & software" #spiir
  spiir-id: "636225015934674587"
  Assets:Checking:Primary  -47.83 DKK
  Expenses:Subscriptions:Software  47.83 DKK

2016-02-10 * "VDK USD 6,19" "Ferieaktiviteter" #spiir
  spiir-id: "636225015934674588"
  Assets:Checking:Primary  -42.30 DKK
  Expenses:Travel:Activities  42.30 DKK

2016-02-10 * "VDK USD 2,67" "Ferieaktiviteter" #spiir
  spiir-id: "636225015934674589"
  Assets:Checking:Primary  -18.24 DKK
  Expenses:Travel:Activities  18.24 DKK

2016-02-11 * "VDK USD 4,90" "Ferieaktiviteter" #spiir
  spiir-id: "636225015934674590"
  Assets:Checking:Primary  -33.40 DKK
  Expenses:Travel:Activities  33.40 DKK

2016-02-11 * "VDK USD 8,75" "Ferieaktiviteter" #spiir
  spiir-id: "636225015934674591"
  Assets:Checking:Primary  -59.66 DKK
  Expenses:Travel:Activities  59.66 DKK

2016-02-11 * "VDK USD 1,50" "Ferieaktiviteter" #spiir
  spiir-id: "636225015934674592"
  Assets:Checking:Primary  -10.23 DKK
  Expenses:Travel:Activities  10.23 DKK

2016-02-11 * "VDK USD 18,33" "Ferieaktiviteter" #spiir
  spiir-id: "636225015934674593"
  Assets:Checking:Primary  -124.98 DKK
  Expenses:Travel:Activities  124.98 DKK

2016-02-11 * "VDK USD 14,13" "Ferieaktiviteter" #spiir
  spiir-id: "636225015934674594"
  Assets:Checking:Primary  -96.34 DKK
  Expenses:Travel:Activities  96.34 DKK

2016-02-12 * "VDK USD 83,50" "Ferieaktiviteter" #spiir
  spiir-id: "636225015934674595"
  Assets:Checking:Primary  -563.67 DKK
  Expenses:Travel:Activities  563.67 DKK

2016-02-12 * "VDK USD 70,77" "Ferieaktiviteter" #spiir
  spiir-id: "636225015934674596"
  Assets:Checking:Primary  -477.74 DKK
  Expenses:Travel:Activities  477.74 DKK

2016-02-13 * "VDK USD 54,93" "Ferieaktiviteter" #spiir
  spiir-id: "636225015934674597"
  Assets:Checking:Primary  367.08 DKK
  Expenses:Travel:Activities  -367.08 DKK

2016-02-13 * "VDK USD 2,67" "Ferieaktiviteter" #spiir
  spiir-id: "636225015934674598"
  Assets:Checking:Primary  -18.03 DKK
  Expenses:Travel:Activities  18.03 DKK

2016-02-13 * "VDK USD 23,55" "Ferieaktiviteter" #spiir
  spiir-id: "636225015934674599"
  Assets:Checking:Primary  -158.96 DKK
  Expenses:Travel:Activities  158.96 DKK

2016-02-13 * "VDK USD 35,00" "Ferieaktiviteter" #spiir
  spiir-id: "636225015934674600"
  Assets:Checking:Primary  -236.24 DKK
  Expenses:Travel:Activities  236.24 DKK

2016-02-16 * "VDK USD 9,79" "Ferieaktiviteter" #spiir
  spiir-id: "636225015934674601"
  Assets:Checking:Primary  -66.06 DKK
  Expenses:Travel:Activities  66.06 DKK

2016-02-16 * "VDK USD 3,01" "Ferieaktiviteter" #spiir
  spiir-id: "636225015934674602"
  Assets:Checking:Primary  -20.31 DKK
  Expenses:Travel:Activities  20.31 DKK

2016-02-16 * "VDK USD 460,76" "Ferieaktiviteter" #spiir
  spiir-id: "636225015934674603"
  Assets:Checking:Primary  -3108.79 DKK
  Expenses:Travel:Activities  3108.79 DKK

2016-02-16 * "VDK USD 44,95" "Online services & software" #spiir
  spiir-id: "636225015934674604"
  Assets:Checking:Primary  -303.28 DKK
  Expenses:Subscriptions:Software  303.28 DKK

2016-02-16 * "VDK USD 30,93" "Ferieaktiviteter" #spiir
  spiir-id: "636225015934674605"
  Assets:Checking:Primary  -208.68 DKK
  Expenses:Travel:Activities  208.68 DKK

2016-02-16 * "VDK USD 17,19" "Film, musik & læsestof" #spiir
  spiir-id: "636225015934674606"
  Assets:Checking:Primary  -115.98 DKK
  Expenses:Entertainment:Media  115.98 DKK

2016-02-16 * "VDK USD 3,54" "Ferieaktiviteter" #spiir
  spiir-id: "636225015934674607"
  Assets:Checking:Primary  -23.88 DKK
  Expenses:Travel:Activities  23.88 DKK

2016-02-16 * "VDK USD 2,67" "Ferieaktiviteter" #spiir
  spiir-id: "636225015934674608"
  Assets:Checking:Primary  -18.02 DKK
  Expenses:Travel:Activities  18.02 DKK

2016-02-16 * "VDK USD 120,78" "Ferieaktiviteter" #spiir
  spiir-id: "636225015934674609"
  Assets:Checking:Primary  806.84 DKK
  Expenses:Travel:Activities  -806.84 DKK

2016-02-16 * "VDK USD 4,90" "Ferieaktiviteter" #spiir
  spiir-id: "636225015934674610"
  Assets:Checking:Primary  -33.06 DKK
  Expenses:Travel:Activities  33.06 DKK

2016-02-16 * "VDK USD 36,00" "Ferieaktiviteter" #spiir
  spiir-id: "636225015934674611"
  Assets:Checking:Primary  -242.90 DKK
  Expenses:Travel:Activities  242.90 DKK

2016-02-16 * "VDK DKK 99,00" "Film, musik & læsestof" #spiir
  spiir-id: "636225015934674612"
  Assets:Checking:Primary  -99.00 DKK
  Expenses:Entertainment:Media  99.00 DKK

2016-02-16 * "VDK USD 15,00" "Ferieaktiviteter" #spiir
  spiir-id: "636225015934674613"
  Assets:Checking:Primary  -101.21 DKK
  Expenses:Travel:Activities  101.21 DKK

2016-02-16 * "VDK USD 15,00" "Ferieaktiviteter" #spiir
  spiir-id: "636225015934674614"
  Assets:Checking:Primary  -101.21 DKK
  Expenses:Travel:Activities  101.21 DKK

2016-02-16 * "VDK USD 16,97" "Ferieaktiviteter" #spiir
  spiir-id: "636225015934674615"
  Assets:Checking:Primary  -114.50 DKK
  Expenses:Travel:Activities  114.50 DKK

2016-02-16 * "VDK USD 14,50" "Ferieaktiviteter" #spiir
  spiir-id: "636225015934674616"
  Assets:Checking:Primary  -97.84 DKK
  Expenses:Travel:Activities  97.84 DKK

2016-02-17 * "VDK USD 56,45" "Ferieaktiviteter" #spiir
  spiir-id: "636225015934674617"
  Assets:Checking:Primary  -382.62 DKK
  Expenses:Travel:Activities  382.62 DKK

2016-02-17 * "VDK USD 13,07" "Ferieaktiviteter" #spiir
  spiir-id: "636225015934674618"
  Assets:Checking:Primary  -88.59 DKK
  Expenses:Travel:Activities  88.59 DKK

2016-02-17 * "VDK USD 11,25" "Ferieaktiviteter" #spiir
  spiir-id: "636225015934674619"
  Assets:Checking:Primary  -76.26 DKK
  Expenses:Travel:Activities  76.26 DKK

2016-02-18 * "VDK USD 16,28" "Ferieaktiviteter" #spiir
  spiir-id: "636225015934674620"
  Assets:Checking:Primary  -110.84 DKK
  Expenses:Travel:Activities  110.84 DKK

2016-02-18 * "VDK USD 17,01" "Ferieaktiviteter" #spiir
  spiir-id: "636225015934674621"
  Assets:Checking:Primary  -115.81 DKK
  Expenses:Travel:Activities  115.81 DKK

2016-02-18 * "VDK DKK 1459,32" "Hobby & sportsudstyr" #spiir
  spiir-id: "636225015934674622"
  Assets:Checking:Primary  -1459.32 DKK
  Expenses:Shopping:Sports  1459.32 DKK

2016-02-18 * "VDK USD 19,42" "Ferieaktiviteter" #spiir
  spiir-id: "636225015934674623"
  Assets:Checking:Primary  -132.21 DKK
  Expenses:Travel:Activities  132.21 DKK

2016-02-18 * "VDK USD 2,67" "Ferieaktiviteter" #spiir
  spiir-id: "636225015934674624"
  Assets:Checking:Primary  -18.18 DKK
  Expenses:Travel:Activities  18.18 DKK

2016-02-19 * "VDK USD 62,70" "Ferieaktiviteter" #spiir
  spiir-id: "636225015934674625"
  Assets:Checking:Primary  -427.41 DKK
  Expenses:Travel:Activities  427.41 DKK

2016-02-23 * "VDK USD 41,28" "Ferieaktiviteter" #spiir
  spiir-id: "636225015934674626"
  Assets:Checking:Primary  -282.54 DKK
  Expenses:Travel:Activities  282.54 DKK

2016-02-23 * "VDK USD 29,13" "Ferieaktiviteter" #spiir
  spiir-id: "636225015934674627"
  Assets:Checking:Primary  -199.38 DKK
  Expenses:Travel:Activities  199.38 DKK

2016-02-23 * "VDK USD 5,00" "Online services & software" #spiir
  spiir-id: "636225015934674628"
  Assets:Checking:Primary  -34.23 DKK
  Expenses:Subscriptions:Software  34.23 DKK

2016-02-23 * "VDK USD 26,47" "Ferieaktiviteter" #spiir
  spiir-id: "636225015934674629"
  Assets:Checking:Primary  -181.17 DKK
  Expenses:Travel:Activities  181.17 DKK

2016-02-23 * "VDK USD 28,25" "Ferieaktiviteter" #spiir
  spiir-id: "636225015934674630"
  Assets:Checking:Primary  -193.35 DKK
  Expenses:Travel:Activities  193.35 DKK

2016-02-23 * "VDK USD 10,00" "Ferieaktiviteter" #spiir
  spiir-id: "636225015934674631"
  Assets:Checking:Primary  -68.44 DKK
  Expenses:Travel:Activities  68.44 DKK

2016-02-23 * "VDK USD 24,93" "Ferieaktiviteter" #spiir
  spiir-id: "636225015934674632"
  Assets:Checking:Primary  -170.63 DKK
  Expenses:Travel:Activities  170.63 DKK

2016-02-23 * "VDK USD 8,58" "Ferieaktiviteter" #spiir
  spiir-id: "636225015934674633"
  Assets:Checking:Primary  -58.73 DKK
  Expenses:Travel:Activities  58.73 DKK

2016-02-23 * "VDK USD 16,99" "Ferieaktiviteter" #spiir
  spiir-id: "636225015934674634"
  Assets:Checking:Primary  -116.29 DKK
  Expenses:Travel:Activities  116.29 DKK

2016-02-23 * "VDK USD 8,38" "Ferieaktiviteter" #spiir
  spiir-id: "636225015934674635"
  Assets:Checking:Primary  -57.36 DKK
  Expenses:Travel:Activities  57.36 DKK

2016-02-23 * "VDK USD 74,31" "Ferieaktiviteter" #spiir
  spiir-id: "636225015934674636"
  Assets:Checking:Primary  -508.61 DKK
  Expenses:Travel:Activities  508.61 DKK

2016-02-23 * "VDK USD 12,70" "Ferieaktiviteter" #spiir
  spiir-id: "636225015934674637"
  Assets:Checking:Primary  -86.92 DKK
  Expenses:Travel:Activities  86.92 DKK

2016-02-23 * "VDK USD 170,98" "Ferieaktiviteter" #spiir
  spiir-id: "636225015934674638"
  Assets:Checking:Primary  -1170.24 DKK
  Expenses:Travel:Activities  1170.24 DKK

2016-02-24 * "VDK USD 18,19" "Ferieaktiviteter" #spiir
  spiir-id: "636225015934674639"
  Assets:Checking:Primary  -125.18 DKK
  Expenses:Travel:Activities  125.18 DKK

2016-02-24 * "VDK USD 10,88" "Ferieaktiviteter" #spiir
  spiir-id: "636225015934674640"
  Assets:Checking:Primary  -74.88 DKK
  Expenses:Travel:Activities  74.88 DKK

2016-02-24 * "VDK USD 9,80" "Ferieaktiviteter" #spiir
  spiir-id: "636225015934674641"
  Assets:Checking:Primary  -67.45 DKK
  Expenses:Travel:Activities  67.45 DKK

2016-02-24 * "VDK USD 10,08" "Ferieaktiviteter" #spiir
  spiir-id: "636225015934674642"
  Assets:Checking:Primary  -69.38 DKK
  Expenses:Travel:Activities  69.38 DKK

2016-02-24 * "VDK USD 1,80" "Ferieaktiviteter" #spiir
  spiir-id: "636225015934674643"
  Assets:Checking:Primary  -12.38 DKK
  Expenses:Travel:Activities  12.38 DKK

2016-02-24 * "VDK DKK 223,61" "Ferieaktiviteter" #spiir
  spiir-id: "636225015934674644"
  Assets:Checking:Primary  -223.61 DKK
  Expenses:Travel:Activities  223.61 DKK

2016-02-24 * "VDK USD 13,08" "Ferieaktiviteter" #spiir
  spiir-id: "636225015934674645"
  Assets:Checking:Primary  -90.02 DKK
  Expenses:Travel:Activities  90.02 DKK

2016-02-24 * "VDK USD 10,75" "Ferieaktiviteter" #spiir
  spiir-id: "636225015934674646"
  Assets:Checking:Primary  -73.98 DKK
  Expenses:Travel:Activities  73.98 DKK

2016-02-24 * "VDK USD 13,55" "Ferieaktiviteter" #spiir
  spiir-id: "636225015934674647"
  Assets:Checking:Primary  -93.25 DKK
  Expenses:Travel:Activities  93.25 DKK

2016-02-24 * "MobilePay" "" #spiir
  spiir-id: "636225015934674648"
  Assets:Checking:Primary  -400.00 DKK
  Expenses:Uncategorized  400.00 DKK

2016-02-25 * "VDK USD 34,65" "Ferieaktiviteter" #spiir
  spiir-id: "636225015934674649"
  Assets:Checking:Primary  -238.78 DKK
  Expenses:Travel:Activities  238.78 DKK

2016-02-25 * "VDK USD 7,50" "Ferieaktiviteter" #spiir
  spiir-id: "636225015934674650"
  Assets:Checking:Primary  -51.68 DKK
  Expenses:Travel:Activities  51.68 DKK

2016-02-25 * "VDK USD 31,70" "Ferieaktiviteter" #spiir
  spiir-id: "636225015934674651"
  Assets:Checking:Primary  -218.45 DKK
  Expenses:Travel:Activities  218.45 DKK

2016-02-25 * "TRUSTPILOT A/S" "Løn" #spiir
  spiir-id: "636225015934674652"
  Assets:Checking:Primary  22162.07 DKK
  Income:Salary  -22162.07 DKK

2016-02-26 * "VDK USD 7,62" "Ferieaktiviteter" #spiir
  spiir-id: "636225015934674653"
  Assets:Checking:Primary  -52.67 DKK
  Expenses:Travel:Activities  52.67 DKK

2016-02-26 * "VDK DKK 251,90" "Ferieaktiviteter" #spiir
  spiir-id: "636225015934674654"
  Assets:Checking:Primary  -251.90 DKK
  Expenses:Travel:Activities  251.90 DKK

2016-02-26 * "VDK USD 64,00" "Ferieaktiviteter" #spiir
  spiir-id: "636225015934674655"
  Assets:Checking:Primary  -442.36 DKK
  Expenses:Travel:Activities  442.36 DKK

2016-02-26 * "VDK USD 40,28" "Ferieaktiviteter" #spiir
  spiir-id: "636225015934674656"
  Assets:Checking:Primary  -278.41 DKK
  Expenses:Travel:Activities  278.41 DKK

2016-02-26 * "VDK USD 26,85" "Ferieaktiviteter" #spiir
  spiir-id: "636225015934674657"
  Assets:Checking:Primary  -185.58 DKK
  Expenses:Travel:Activities  185.58 DKK

2016-02-26 * "VDK USD 9,17" "Ferieaktiviteter" #spiir
  spiir-id: "636225015934674658"
  Assets:Checking:Primary  -63.39 DKK
  Expenses:Travel:Activities  63.39 DKK

2016-02-26 * "Lønoverførsel" "Løn" #spiir
  spiir-id: "636225015934674659"
  Assets:Checking:Primary  22750.33 DKK
  Income:Salary  -22750.33 DKK

2016-02-27 * "VDK USD 38,75" "Ferieaktiviteter" #spiir
  spiir-id: "636225015934674660"
  Assets:Checking:Primary  -267.44 DKK
  Expenses:Travel:Activities  267.44 DKK

2016-02-27 * "VDK USD 21,89" "Ferieaktiviteter" #spiir
  spiir-id: "636225015934674661"
  Assets:Checking:Primary  -151.08 DKK
  Expenses:Travel:Activities  151.08 DKK

2016-02-27 * "VDK USD 9,75" "Ferieaktiviteter" #spiir
  spiir-id: "636225015934674662"
  Assets:Checking:Primary  -67.29 DKK
  Expenses:Travel:Activities  67.29 DKK

2016-02-27 * "VDK USD 18,42" "Ferieaktiviteter" #spiir
  spiir-id: "636225015934674663"
  Assets:Checking:Primary  -127.13 DKK
  Expenses:Travel:Activities  127.13 DKK

2016-02-27 * "VDK USD 7,00" "Online services & software" #spiir
  spiir-id: "636225015934674664"
  Assets:Checking:Primary  -48.31 DKK
  Expenses:Subscriptions:Software  48.31 DKK

2016-02-29 * "MobilePay" "" #spiir
  spiir-id: "636225015934674665"
  Assets:Checking:Primary  -20.50 DKK
  Expenses:Uncategorized  20.50 DKK

2016-02-29 * "Husleje" "" #spiir
  spiir-id: "636225015934674666"
  Assets:Checking:Primary  -4595.00 DKK
  Expenses:Uncategorized  4595.00 DKK

2016-03-01 * "VDK USD 2,99" "Online services & software" #spiir
  spiir-id: "636225015934674667"
  Assets:Checking:Primary  -20.63 DKK
  Expenses:Subscriptions:Software  20.63 DKK

2016-03-01 * "VDK USD 24,72" "Ferieaktiviteter" #spiir
  spiir-id: "636225015934674668"
  Assets:Checking:Primary  -170.60 DKK
  Expenses:Travel:Activities  170.60 DKK

2016-03-01 * "VDK USD 20,00" "Ferieaktiviteter" #spiir
  spiir-id: "636225015934674669"
  Assets:Checking:Primary  -138.03 DKK
  Expenses:Travel:Activities  138.03 DKK

2016-03-01 * "VDK USD 10,00" "Ferieaktiviteter" #spiir
  spiir-id: "636225015934674670"
  Assets:Checking:Primary  -69.01 DKK
  Expenses:Travel:Activities  69.01 DKK

2016-03-01 * "VDK USD 91,66" "Ferieaktiviteter" #spiir
  spiir-id: "636225015934674671"
  Assets:Checking:Primary  -632.58 DKK
  Expenses:Travel:Activities  632.58 DKK

2016-03-01 * "VDK USD 99,00" "Online services & software" #spiir
  spiir-id: "636225015934674672"
  Assets:Checking:Primary  -683.24 DKK
  Expenses:Subscriptions:Software  683.24 DKK

2016-03-01 * "VDK USD 216,24" "Ferieaktiviteter" #spiir
  spiir-id: "636225015934674673"
  Assets:Checking:Primary  -1492.35 DKK
  Expenses:Travel:Activities  1492.35 DKK

2016-03-01 * "VDK USD 45,29" "Ferieaktiviteter" #spiir
  spiir-id: "636225015934674674"
  Assets:Checking:Primary  -312.56 DKK
  Expenses:Travel:Activities  312.56 DKK

2016-03-01 * "VDK USD 8,50" "Ferieaktiviteter" #spiir
  spiir-id: "636225015934674675"
  Assets:Checking:Primary  -58.66 DKK
  Expenses:Travel:Activities  58.66 DKK

2016-03-01 * "VDK USD 31,98" "Ferieaktiviteter" #spiir
  spiir-id: "636225015934674676"
  Assets:Checking:Primary  -220.70 DKK
  Expenses:Travel:Activities  220.70 DKK

2016-03-01 * "VDK USD 276,74" "Ferieaktiviteter" #spiir
  spiir-id: "636225015934674677"
  Assets:Checking:Primary  -1909.88 DKK
  Expenses:Travel:Activities  1909.88 DKK

2016-03-01 * "EL" "" #spiir
  spiir-id: "636225015934674678"
  Assets:Checking:Primary  -367.00 DKK
  Expenses:Uncategorized  367.00 DKK

2016-03-01 * "Madbudget" "" #spiir
  spiir-id: "636225015934674679"
  Assets:Checking:Primary  -2000.00 DKK
  Expenses:Uncategorized  2000.00 DKK

2016-03-01 * "Opsparing" "" #spiir
  spiir-id: "636225015934674680"
  Assets:Checking:Primary  -7000.00 DKK
  Expenses:Uncategorized  7000.00 DKK

2016-03-01 * "Far" "Gaver & velgørenhed" #spiir
  spiir-id: "636225015934674681"
  Assets:Checking:Primary  -1000.00 DKK
  Expenses:Gifts  1000.00 DKK

2016-03-01 * "3 (hi3g Denmark Aps)" "Telefoni & internet" #spiir
  spiir-id: "636225015934674682"
  Assets:Checking:Primary  -528.05 DKK
  Expenses:Subscriptions:Telecom  528.05 DKK

2016-03-01 * "Gebyrer i alt" "Bankgebyrer" #spiir
  spiir-id: "636225015934674683"
  Assets:Checking:Primary  -5.00 DKK
  Expenses:Bank:Fees  5.00 DKK

2016-03-02 * "VDK USD 99,00" "Online services & software" #spiir
  spiir-id: "636225015934674684"
  Assets:Checking:Primary  682.60 DKK
  Expenses:Subscriptions:Software  -682.60 DKK

2016-03-02 * "VDK USD 3,81" "Ferieaktiviteter" #spiir
  spiir-id: "636225015934674685"
  Assets:Checking:Primary  -26.52 DKK
  Expenses:Travel:Activities  26.52 DKK

2016-03-02 * "VDK USD 9,99" "Online services & software" #spiir
  spiir-id: "636225015934674686"
  Assets:Checking:Primary  -69.54 DKK
  Expenses:Subscriptions:Software  69.54 DKK

2016-03-03 * "Overførsel" "Anden indkomst" #spiir
  spiir-id: "636225015934674687"
  Assets:Checking:Primary  2117.00 DKK
  Income:Other  -2117.00 DKK

2016-03-03 * "VDK USD 3,50" "Ferieaktiviteter" #spiir
  spiir-id: "636225015934674688"
  Assets:Checking:Primary  -24.41 DKK
  Expenses:Travel:Activities  24.41 DKK

2016-03-03 * "VDK USD 16,33" "Ferieaktiviteter" #spiir
  spiir-id: "636225015934674689"
  Assets:Checking:Primary  -113.88 DKK
  Expenses:Travel:Activities  113.88 DKK

2016-03-03 * "VDK USD 3,54" "Ferieaktiviteter" #spiir
  spiir-id: "636225015934674690"
  Assets:Checking:Primary  -24.68 DKK
  Expenses:Travel:Activities  24.68 DKK

2016-03-04 * "VDK USD 20,98" "Ferieaktiviteter" #spiir
  spiir-id: "636225015934674691"
  Assets:Checking:Primary  -146.61 DKK
  Expenses:Travel:Activities  146.61 DKK

2016-03-04 * "VDK DKK 155,56" "Ferieaktiviteter" #spiir
  spiir-id: "636225015934674692"
  Assets:Checking:Primary  -155.56 DKK
  Expenses:Travel:Activities  155.56 DKK

2016-03-04 * "VDK USD 2,58" "Ferieaktiviteter" #spiir
  spiir-id: "636225015934674693"
  Assets:Checking:Primary  -18.03 DKK
  Expenses:Travel:Activities  18.03 DKK

2016-03-04 * "VDK USD 13,35" "Ferieaktiviteter" #spiir
  spiir-id: "636225015934674694"
  Assets:Checking:Primary  -93.29 DKK
  Expenses:Travel:Activities  93.29 DKK

2016-03-05 * "VDK USD 14,88" "Ferieaktiviteter" #spiir
  spiir-id: "636225015934674695"
  Assets:Checking:Primary  -104.06 DKK
  Expenses:Travel:Activities  104.06 DKK

2016-03-05 * "VDK USD 10,05" "Ferieaktiviteter" #spiir
  spiir-id: "636225015934674696"
  Assets:Checking:Primary  -70.28 DKK
  Expenses:Travel:Activities  70.28 DKK

2016-03-05 * "VDK USD 3,54" "Ferieaktiviteter" #spiir
  spiir-id: "636225015934674697"
  Assets:Checking:Primary  -24.76 DKK
  Expenses:Travel:Activities  24.76 DKK

2016-03-05 * "VDK USD 4,50" "Ferieaktiviteter" #spiir
  spiir-id: "636225015934674698"
  Assets:Checking:Primary  -31.47 DKK
  Expenses:Travel:Activities  31.47 DKK

2016-03-05 * "VDK USD 16,11" "Ferieaktiviteter" #spiir
  spiir-id: "636225015934674699"
  Assets:Checking:Primary  -112.67 DKK
  Expenses:Travel:Activities  112.67 DKK

2016-03-08 * "Statens Administration S" "Studielån" #spiir
  spiir-id: "636225015934674700"
  Assets:Checking:Primary  -205.00 DKK
  Expenses:Loans:Student  205.00 DKK

2016-03-08 * "VDK USD 15,00" "Ferieaktiviteter" #spiir
  spiir-id: "636225015934674701"
  Assets:Checking:Primary  -104.24 DKK
  Expenses:Travel:Activities  104.24 DKK

2016-03-08 * "VDK USD 11,95" "Ferieaktiviteter" #spiir
  spiir-id: "636225015934674702"
  Assets:Checking:Primary  -83.05 DKK
  Expenses:Travel:Activities  83.05 DKK

2016-03-08 * "VDK USD 10,25" "Ferieaktiviteter" #spiir
  spiir-id: "636225015934674703"
  Assets:Checking:Primary  -71.23 DKK
  Expenses:Travel:Activities  71.23 DKK

2016-03-08 * "VDK USD 2,79" "Ferieaktiviteter" #spiir
  spiir-id: "636225015934674704"
  Assets:Checking:Primary  -19.39 DKK
  Expenses:Travel:Activities  19.39 DKK

2016-03-08 * "VDK USD 3,54" "Ferieaktiviteter" #spiir
  spiir-id: "636225015934674705"
  Assets:Checking:Primary  -24.60 DKK
  Expenses:Travel:Activities  24.60 DKK

2016-03-08 * "VDK USD 3,79" "Ferieaktiviteter" #spiir
  spiir-id: "636225015934674706"
  Assets:Checking:Primary  -26.34 DKK
  Expenses:Travel:Activities  26.34 DKK

2016-03-08 * "VDK USD 18,98" "Ferieaktiviteter" #spiir
  spiir-id: "636225015934674707"
  Assets:Checking:Primary  -131.90 DKK
  Expenses:Travel:Activities  131.90 DKK

2016-03-08 * "VDK USD 15,79" "Ferieaktiviteter" #spiir
  spiir-id: "636225015934674708"
  Assets:Checking:Primary  -109.73 DKK
  Expenses:Travel:Activities  109.73 DKK

2016-03-08 * "VDK USD 3,89" "Ferieaktiviteter" #spiir
  spiir-id: "636225015934674709"
  Assets:Checking:Primary  -27.03 DKK
  Expenses:Travel:Activities  27.03 DKK

2016-03-09 * "VDK USD 22,69" "Ferieaktiviteter" #spiir
  spiir-id: "636225015934674710"
  Assets:Checking:Primary  -157.06 DKK
  Expenses:Travel:Activities  157.06 DKK

2016-03-09 * "VDK USD 17,01" "Ferieaktiviteter" #spiir
  spiir-id: "636225015934674711"
  Assets:Checking:Primary  -117.74 DKK
  Expenses:Travel:Activities  117.74 DKK

2016-03-09 * "VDK USD 25,50" "Ferieaktiviteter" #spiir
  spiir-id: "636225015934674712"
  Assets:Checking:Primary  -176.51 DKK
  Expenses:Travel:Activities  176.51 DKK

2016-03-09 * "VDK USD 14,59" "Ferieaktiviteter" #spiir
  spiir-id: "636225015934674713"
  Assets:Checking:Primary  -100.99 DKK
  Expenses:Travel:Activities  100.99 DKK

2016-03-09 * "VDK USD 1,89" "Ferieaktiviteter" #spiir
  spiir-id: "636225015934674714"
  Assets:Checking:Primary  -13.08 DKK
  Expenses:Travel:Activities  13.08 DKK

2016-03-09 * "VDK USD 10,00" "Ferieaktiviteter" #spiir
  spiir-id: "636225015934674715"
  Assets:Checking:Primary  -69.22 DKK
  Expenses:Travel:Activities  69.22 DKK

2016-03-10 * "VDK USD 3,82" "Ferieaktiviteter" #spiir
  spiir-id: "636225015934674716"
  Assets:Checking:Primary  -26.43 DKK
  Expenses:Travel:Activities  26.43 DKK

2016-03-10 * "VDK USD 19,40" "Ferieaktiviteter" #spiir
  spiir-id: "636225015934674717"
  Assets:Checking:Primary  -134.20 DKK
  Expenses:Travel:Activities  134.20 DKK

2016-03-10 * "VDK DKK 811,00" "Fly & Hotel" #spiir #airbnb #dc
  spiir-id: "636225015934674718"
  Assets:Checking:Primary  -811.00 DKK
  Expenses:Travel:Transport  811.00 DKK

2016-03-10 * "VDK USD 22,37" "Ferieaktiviteter" #spiir
  spiir-id: "636225015934674719"
  Assets:Checking:Primary  -154.75 DKK
  Expenses:Travel:Activities  154.75 DKK

2016-03-10 * "VDK USD 15,00" "Ferieaktiviteter" #spiir
  spiir-id: "636225015934674720"
  Assets:Checking:Primary  -103.76 DKK
  Expenses:Travel:Activities  103.76 DKK

2016-03-10 * "VDK USD 9,79" "Ferieaktiviteter" #spiir
  spiir-id: "636225015934674721"
  Assets:Checking:Primary  -67.72 DKK
  Expenses:Travel:Activities  67.72 DKK

2016-03-10 * "VDK USD 3,04" "Ferieaktiviteter" #spiir
  spiir-id: "636225015934674722"
  Assets:Checking:Primary  -21.03 DKK
  Expenses:Travel:Activities  21.03 DKK

2016-03-11 * "VDK USD 7,62" "Ferieaktiviteter" #spiir
  spiir-id: "636225015934674723"
  Assets:Checking:Primary  -52.71 DKK
  Expenses:Travel:Activities  52.71 DKK

2016-03-11 * "VDK USD 20,00" "Ferieaktiviteter" #spiir
  spiir-id: "636225015934674724"
  Assets:Checking:Primary  -138.34 DKK
  Expenses:Travel:Activities  138.34 DKK

2016-03-11 * "VDK USD 3,75" "Online services & software" #spiir
  spiir-id: "636225015934674725"
  Assets:Checking:Primary  -25.94 DKK
  Expenses:Subscriptions:Software  25.94 DKK

2016-03-11 * "VDK USD 16,33" "Ferieaktiviteter" #spiir
  spiir-id: "636225015934674726"
  Assets:Checking:Primary  -112.96 DKK
  Expenses:Travel:Activities  112.96 DKK

2016-03-12 * "VDK USD 28,00" "Ferieaktiviteter" #spiir
  spiir-id: "636225015934674727"
  Assets:Checking:Primary  -195.84 DKK
  Expenses:Travel:Activities  195.84 DKK

2016-03-12 * "VDK USD 3,00" "Ferieaktiviteter" #spiir
  spiir-id: "636225015934674728"
  Assets:Checking:Primary  -20.98 DKK
  Expenses:Travel:Activities  20.98 DKK

2016-03-12 * "VDK USD 62,25" "Ferieaktiviteter" #spiir
  spiir-id: "636225015934674729"
  Assets:Checking:Primary  -435.41 DKK
  Expenses:Travel:Activities  435.41 DKK

2016-03-12 * "VDK USD 5,17" "Ferieaktiviteter" #spiir
  spiir-id: "636225015934674730"
  Assets:Checking:Primary  -36.16 DKK
  Expenses:Travel:Activities  36.16 DKK

2016-03-12 * "VDK USD 23,48" "Ferieaktiviteter" #spiir
  spiir-id: "636225015934674731"
  Assets:Checking:Primary  -164.23 DKK
  Expenses:Travel:Activities  164.23 DKK

2016-03-12 * "VDK USD 10,76" "Ferieaktiviteter" #spiir
  spiir-id: "636225015934674732"
  Assets:Checking:Primary  -75.26 DKK
  Expenses:Travel:Activities  75.26 DKK

2016-03-12 * "Gebyr udb.Visa/Dankort" "Bankgebyrer" #spiir
  spiir-id: "636225015934674733"
  Assets:Checking:Primary  -30.00 DKK
  Expenses:Bank:Fees  30.00 DKK

2016-03-15 * "VDK USD 12,06" "Ferieaktiviteter" #spiir
  spiir-id: "636225015934674734"
  Assets:Checking:Primary  -83.52 DKK
  Expenses:Travel:Activities  83.52 DKK

2016-03-15 * "VDK USD 17,19" "Film, musik & læsestof" #spiir
  spiir-id: "636225015934674735"
  Assets:Checking:Primary  -119.05 DKK
  Expenses:Entertainment:Media  119.05 DKK

2016-03-15 * "VDK USD 15,99" "Ferieaktiviteter" #spiir
  spiir-id: "636225015934674736"
  Assets:Checking:Primary  -110.74 DKK
  Expenses:Travel:Activities  110.74 DKK

2016-03-15 * "VDK USD 5,40" "Ferieaktiviteter" #spiir
  spiir-id: "636225015934674737"
  Assets:Checking:Primary  -37.40 DKK
  Expenses:Travel:Activities  37.40 DKK

2016-03-15 * "VDK USD 4,00" "Ferieaktiviteter" #spiir
  spiir-id: "636225015934674738"
  Assets:Checking:Primary  -27.70 DKK
  Expenses:Travel:Activities  27.70 DKK

2016-03-15 * "VDK USD 41,99" "Ferieaktiviteter" #spiir
  spiir-id: "636225015934674739"
  Assets:Checking:Primary  -290.81 DKK
  Expenses:Travel:Activities  290.81 DKK

2016-03-15 * "VDK USD 20,15" "Ferieaktiviteter" #spiir
  spiir-id: "636225015934674740"
  Assets:Checking:Primary  -139.55 DKK
  Expenses:Travel:Activities  139.55 DKK

2016-03-15 * "VDK DKK 99,00" "Film, musik & læsestof" #spiir
  spiir-id: "636225015934674741"
  Assets:Checking:Primary  -99.00 DKK
  Expenses:Entertainment:Media  99.00 DKK

2016-03-15 * "Gebyr udb.Visa/Dankort" "Bankgebyrer" #spiir
  spiir-id: "636225015934674742"
  Assets:Checking:Primary  -30.00 DKK
  Expenses:Bank:Fees  30.00 DKK

2016-03-16 * "VDK USD 19,35" "Ferieaktiviteter" #spiir
  spiir-id: "636225015934674743"
  Assets:Checking:Primary  -131.98 DKK
  Expenses:Travel:Activities  131.98 DKK

2016-03-16 * "VDK USD 40,00" "Ferieaktiviteter" #spiir
  spiir-id: "636225015934674744"
  Assets:Checking:Primary  -272.83 DKK
  Expenses:Travel:Activities  272.83 DKK

2016-03-16 * "VDK USD 3,58" "Ferieaktiviteter" #spiir
  spiir-id: "636225015934674745"
  Assets:Checking:Primary  -24.42 DKK
  Expenses:Travel:Activities  24.42 DKK

2016-03-16 * "VDK USD 2,99" "Online services & software" #spiir
  spiir-id: "636225015934674746"
  Assets:Checking:Primary  -20.39 DKK
  Expenses:Subscriptions:Software  20.39 DKK

2016-03-16 * "VDK USD 16,30" "Ferieaktiviteter" #spiir
  spiir-id: "636225015934674747"
  Assets:Checking:Primary  -111.18 DKK
  Expenses:Travel:Activities  111.18 DKK

2016-03-16 * "VDK USD 35,00" "Ferieaktiviteter" #spiir
  spiir-id: "636225015934674748"
  Assets:Checking:Primary  -238.73 DKK
  Expenses:Travel:Activities  238.73 DKK

2016-03-16 * "VDK USD 12,08" "Ferieaktiviteter" #spiir
  spiir-id: "636225015934674749"
  Assets:Checking:Primary  -82.40 DKK
  Expenses:Travel:Activities  82.40 DKK

2016-03-17 * "VDK USD 19,90" "Ferieaktiviteter" #spiir
  spiir-id: "636225015934674750"
  Assets:Checking:Primary  -136.05 DKK
  Expenses:Travel:Activities  136.05 DKK

2016-03-17 * "VDK USD 10,05" "Ferieaktiviteter" #spiir
  spiir-id: "636225015934674751"
  Assets:Checking:Primary  -68.71 DKK
  Expenses:Travel:Activities  68.71 DKK

2016-03-17 * "VDK USD 3,75" "Online services & software" #spiir
  spiir-id: "636225015934674752"
  Assets:Checking:Primary  -25.64 DKK
  Expenses:Subscriptions:Software  25.64 DKK

2016-03-17 * "VDK USD 3,50" "Ferieaktiviteter" #spiir
  spiir-id: "636225015934674753"
  Assets:Checking:Primary  -23.92 DKK
  Expenses:Travel:Activities  23.92 DKK

2016-03-17 * "VDK DKK 583,86" "Ferieaktiviteter" #spiir
  spiir-id: "636225015934674754"
  Assets:Checking:Primary  -583.86 DKK
  Expenses:Travel:Activities  583.86 DKK

2016-03-17 * "VDK USD 3,75" "Online services & software" #spiir
  spiir-id: "636225015934674755"
  Assets:Checking:Primary  -25.64 DKK
  Expenses:Subscriptions:Software  25.64 DKK

2016-03-18 * "VDK USD 2,75" "Ferieaktiviteter" #spiir
  spiir-id: "636225015934674756"
  Assets:Checking:Primary  -18.82 DKK
  Expenses:Travel:Activities  18.82 DKK

2016-03-19 * "VDK USD 23,46" "Ferieaktiviteter" #spiir
  spiir-id: "636225015934674757"
  Assets:Checking:Primary  -159.34 DKK
  Expenses:Travel:Activities  159.34 DKK

2016-03-19 * "VDK USD 10,59" "Ferieaktiviteter" #spiir
  spiir-id: "636225015934674758"
  Assets:Checking:Primary  -71.93 DKK
  Expenses:Travel:Activities  71.93 DKK

2016-03-19 * "VDK USD 13,76" "Ferieaktiviteter" #spiir
  spiir-id: "636225015934674759"
  Assets:Checking:Primary  -93.46 DKK
  Expenses:Travel:Activities  93.46 DKK

2016-03-19 * "VDK USD 3,81" "Ferieaktiviteter" #spiir
  spiir-id: "636225015934674760"
  Assets:Checking:Primary  -25.88 DKK
  Expenses:Travel:Activities  25.88 DKK

2016-03-19 * "VDK USD 13,61" "Ferieaktiviteter" #spiir
  spiir-id: "636225015934674761"
  Assets:Checking:Primary  -92.45 DKK
  Expenses:Travel:Activities  92.45 DKK

2016-03-22 * "VDK USD 11,30" "Ferieaktiviteter" #spiir
  spiir-id: "636225015934674762"
  Assets:Checking:Primary  -75.94 DKK
  Expenses:Travel:Activities  75.94 DKK

2016-03-22 * "VDK USD 6,25" "Ferieaktiviteter" #spiir
  spiir-id: "636225015934674763"
  Assets:Checking:Primary  -42.00 DKK
  Expenses:Travel:Activities  42.00 DKK

2016-03-22 * "VDK USD 20,00" "Ferieaktiviteter" #spiir
  spiir-id: "636225015934674764"
  Assets:Checking:Primary  -134.42 DKK
  Expenses:Travel:Activities  134.42 DKK

2016-03-22 * "VDK USD 30,00" "Ferieaktiviteter" #spiir
  spiir-id: "636225015934674765"
  Assets:Checking:Primary  -201.63 DKK
  Expenses:Travel:Activities  201.63 DKK

2016-03-22 * "VDK USD 45,00" "Ferieaktiviteter" #spiir
  spiir-id: "636225015934674766"
  Assets:Checking:Primary  -302.44 DKK
  Expenses:Travel:Activities  302.44 DKK

2016-03-22 * "VDK USD 4,00" "Ferieaktiviteter" #spiir
  spiir-id: "636225015934674767"
  Assets:Checking:Primary  -26.89 DKK
  Expenses:Travel:Activities  26.89 DKK

2016-03-22 * "VDK USD 26,00" "Ferieaktiviteter" #spiir
  spiir-id: "636225015934674768"
  Assets:Checking:Primary  -174.74 DKK
  Expenses:Travel:Activities  174.74 DKK

2016-03-22 * "VDK USD 63,00" "Ferieaktiviteter" #spiir
  spiir-id: "636225015934674769"
  Assets:Checking:Primary  -423.42 DKK
  Expenses:Travel:Activities  423.42 DKK

2016-03-22 * "VDK USD 4,91" "Ferieaktiviteter" #spiir
  spiir-id: "636225015934674770"
  Assets:Checking:Primary  -33.00 DKK
  Expenses:Travel:Activities  33.00 DKK

2016-03-22 * "Gebyr udb.Visa/Dankort" "Bankgebyrer" #spiir
  spiir-id: "636225015934674771"
  Assets:Checking:Primary  -30.00 DKK
  Expenses:Bank:Fees  30.00 DKK

2016-03-23 * "VDK USD 34,50" "Ferieaktiviteter" #spiir
  spiir-id: "636225015934674772"
  Assets:Checking:Primary  -232.30 DKK
  Expenses:Travel:Activities  232.30 DKK

2016-03-23 * "VDK USD 22,60" "Ferieaktiviteter" #spiir
  spiir-id: "636225015934674773"
  Assets:Checking:Primary  -152.18 DKK
  Expenses:Travel:Activities  152.18 DKK

2016-03-23 * "VDK USD 4,90" "Ferieaktiviteter" #spiir
  spiir-id: "636225015934674774"
  Assets:Checking:Primary  -33.00 DKK
  Expenses:Travel:Activities  33.00 DKK

2016-03-23 * "VDK USD 28,00" "Ferieaktiviteter" #spiir
  spiir-id: "636225015934674775"
  Assets:Checking:Primary  -188.54 DKK
  Expenses:Travel:Activities  188.54 DKK

2016-03-23 * "VDK DKK 135,67" "Ukendt" #spiir
  spiir-id: "636225015934674776"
  Assets:Checking:Primary  -135.67 DKK
  Expenses:Other  135.67 DKK

2016-03-23 * "VDK USD 23,55" "Ferieaktiviteter" #spiir
  spiir-id: "636225015934674777"
  Assets:Checking:Primary  -158.57 DKK
  Expenses:Travel:Activities  158.57 DKK

2016-03-23 * "VDK USD 3,82" "Ferieaktiviteter" #spiir
  spiir-id: "636225015934674778"
  Assets:Checking:Primary  -25.72 DKK
  Expenses:Travel:Activities  25.72 DKK

2016-03-24 * "VDK USD 2,99" "Online services & software" #spiir
  spiir-id: "636225015934674779"
  Assets:Checking:Primary  -20.22 DKK
  Expenses:Subscriptions:Software  20.22 DKK

2016-03-24 * "VDK USD 3,82" "Ferieaktiviteter" #spiir
  spiir-id: "636225015934674780"
  Assets:Checking:Primary  -25.83 DKK
  Expenses:Travel:Activities  25.83 DKK

2016-03-24 * "VDK USD 11,98" "Film, musik & læsestof" #spiir
  spiir-id: "636225015934674781"
  Assets:Checking:Primary  -81.00 DKK
  Expenses:Entertainment:Media  81.00 DKK

2016-03-30 * "VDK USD 15,11" "Ferieaktiviteter" #spiir
  spiir-id: "636225015934674782"
  Assets:Checking:Primary  -102.59 DKK
  Expenses:Travel:Activities  102.59 DKK

2016-03-30 * "VDK USD 27,50" "Ferieaktiviteter" #spiir
  spiir-id: "636225015934674783"
  Assets:Checking:Primary  -186.70 DKK
  Expenses:Travel:Activities  186.70 DKK

2016-03-30 * "VDK USD 2,58" "Ferieaktiviteter" #spiir
  spiir-id: "636225015934674784"
  Assets:Checking:Primary  -17.52 DKK
  Expenses:Travel:Activities  17.52 DKK

2016-03-30 * "VDK USD 9,76" "Ferieaktiviteter" #spiir
  spiir-id: "636225015934674785"
  Assets:Checking:Primary  -66.26 DKK
  Expenses:Travel:Activities  66.26 DKK

2016-03-30 * "VDK USD 3,82" "Ferieaktiviteter" #spiir
  spiir-id: "636225015934674786"
  Assets:Checking:Primary  -25.93 DKK
  Expenses:Travel:Activities  25.93 DKK

2016-03-30 * "VDK USD 15,39" "Ferieaktiviteter" #spiir
  spiir-id: "636225015934674787"
  Assets:Checking:Primary  -104.48 DKK
  Expenses:Travel:Activities  104.48 DKK

2016-03-30 * "VDK USD 5,98" "Ferieaktiviteter" #spiir
  spiir-id: "636225015934674788"
  Assets:Checking:Primary  -40.60 DKK
  Expenses:Travel:Activities  40.60 DKK

2016-03-30 * "VDK USD 12,34" "Ferieaktiviteter" #spiir
  spiir-id: "636225015934674789"
  Assets:Checking:Primary  -83.78 DKK
  Expenses:Travel:Activities  83.78 DKK

2016-03-30 * "VDK USD 12,50" "Ferieaktiviteter" #spiir
  spiir-id: "636225015934674790"
  Assets:Checking:Primary  -84.86 DKK
  Expenses:Travel:Activities  84.86 DKK

2016-03-30 * "VDK USD 15,92" "Ferieaktiviteter" #spiir
  spiir-id: "636225015934674791"
  Assets:Checking:Primary  -107.89 DKK
  Expenses:Travel:Activities  107.89 DKK

2016-03-30 * "VDK USD 28,00" "Ferieaktiviteter" #spiir
  spiir-id: "636225015934674792"
  Assets:Checking:Primary  -189.76 DKK
  Expenses:Travel:Activities  189.76 DKK

2016-03-30 * "VDK USD 7,00" "Online services & software" #spiir
  spiir-id: "636225015934674793"
  Assets:Checking:Primary  -47.52 DKK
  Expenses:Subscriptions:Software  47.52 DKK

2016-03-30 * "VDK USD 20,00" "Ferieaktiviteter" #spiir
  spiir-id: "636225015934674794"
  Assets:Checking:Primary  -135.78 DKK
  Expenses:Travel:Activities  135.78 DKK

2016-03-30 * "VDK USD 70,00" "Ferieaktiviteter" #spiir
  spiir-id: "636225015934674795"
  Assets:Checking:Primary  -475.23 DKK
  Expenses:Travel:Activities  475.23 DKK

2016-03-30 * "VDK USD 7,00" "Online services & software" #spiir
  spiir-id: "636225015934674796"
  Assets:Checking:Primary  -47.52 DKK
  Expenses:Subscriptions:Software  47.52 DKK

2016-03-30 * "VDK USD 3,54" "Ferieaktiviteter" #spiir
  spiir-id: "636225015934674797"
  Assets:Checking:Primary  -24.04 DKK
  Expenses:Travel:Activities  24.04 DKK

2016-03-30 * "VDK USD 8,10" "Ferieaktiviteter" #spiir
  spiir-id: "636225015934674798"
  Assets:Checking:Primary  -54.99 DKK
  Expenses:Travel:Activities  54.99 DKK

2016-03-30 * "VDK USD 35,49" "Ferieaktiviteter" #spiir
  spiir-id: "636225015934674799"
  Assets:Checking:Primary  -240.94 DKK
  Expenses:Travel:Activities  240.94 DKK

2016-03-30 * "VDK USD 3,81" "Ferieaktiviteter" #spiir
  spiir-id: "636225015934674800"
  Assets:Checking:Primary  -25.85 DKK
  Expenses:Travel:Activities  25.85 DKK

2016-03-30 * "VDK USD 25,96" "Ferieaktiviteter" #spiir
  spiir-id: "636225015934674801"
  Assets:Checking:Primary  -176.13 DKK
  Expenses:Travel:Activities  176.13 DKK

2016-03-30 * "VDK DKK 156,36" "Ferieaktiviteter" #spiir
  spiir-id: "636225015934674802"
  Assets:Checking:Primary  -156.36 DKK
  Expenses:Travel:Activities  156.36 DKK

2016-03-30 * "VDK USD 5,41" "Ferieaktiviteter" #spiir
  spiir-id: "636225015934674803"
  Assets:Checking:Primary  -36.70 DKK
  Expenses:Travel:Activities  36.70 DKK

2016-03-30 * "VDK USD 162,22" "Ferieaktiviteter" #spiir
  spiir-id: "636225015934674804"
  Assets:Checking:Primary  -1100.61 DKK
  Expenses:Travel:Activities  1100.61 DKK

2016-03-31 * "VDK USD 11,52" "Ferieaktiviteter" #spiir
  spiir-id: "636225015934674805"
  Assets:Checking:Primary  -78.04 DKK
  Expenses:Travel:Activities  78.04 DKK

2016-03-31 * "VDK USD 2,00" "Ferieaktiviteter" #spiir
  spiir-id: "636225015934674806"
  Assets:Checking:Primary  -13.55 DKK
  Expenses:Travel:Activities  13.55 DKK

2016-03-31 * "VDK USD 3,82" "Ferieaktiviteter" #spiir
  spiir-id: "636225015934674807"
  Assets:Checking:Primary  -25.88 DKK
  Expenses:Travel:Activities  25.88 DKK

2016-03-31 * "VDK USD 12,34" "Ferieaktiviteter" #spiir
  spiir-id: "636225015934674808"
  Assets:Checking:Primary  -83.60 DKK
  Expenses:Travel:Activities  83.60 DKK

2016-03-31 * "Husleje" "" #spiir
  spiir-id: "636225015934674809"
  Assets:Checking:Primary  -4595.00 DKK
  Expenses:Uncategorized  4595.00 DKK

2016-03-31 * "Gebyrer i alt" "Bankgebyrer" #spiir
  spiir-id: "636225015934674810"
  Assets:Checking:Primary  -30.00 DKK
  Expenses:Bank:Fees  30.00 DKK

2016-03-31 * "Gebyr - PATRICK OG SIGNE POULSEN" "Bankgebyrer" #spiir
  spiir-id: "636225015934674811"
  Assets:Checking:Primary  -30.00 DKK
  Expenses:Bank:Fees  30.00 DKK

2016-03-31 * "Overtræksrente" "Udlånsrenter" #spiir
  spiir-id: "636225015934674812"
  Assets:Checking:Primary  -5.66 DKK
  Expenses:Loans:Interest  5.66 DKK

2016-03-31 * "Lønoverførsel" "Løn" #spiir
  spiir-id: "636225015934674813"
  Assets:Checking:Primary  20605.33 DKK
  Income:Salary  -20605.33 DKK

2016-04-01 * "VDK USD 13,03" "Ferieaktiviteter" #spiir
  spiir-id: "636225015934674814"
  Assets:Checking:Primary  -88.18 DKK
  Expenses:Travel:Activities  88.18 DKK

2016-04-01 * "VDK USD 10,01" "Ferieaktiviteter" #spiir
  spiir-id: "636225015934674815"
  Assets:Checking:Primary  -67.74 DKK
  Expenses:Travel:Activities  67.74 DKK

2016-04-01 * "VDK USD 3,75" "Online services & software" #spiir
  spiir-id: "636225015934674816"
  Assets:Checking:Primary  -25.38 DKK
  Expenses:Subscriptions:Software  25.38 DKK

2016-04-01 * "VDK DKK 112,57" "Ferieaktiviteter" #spiir
  spiir-id: "636225015934674817"
  Assets:Checking:Primary  -112.57 DKK
  Expenses:Travel:Activities  112.57 DKK

2016-04-01 * "VDK USD 4,13" "Ferieaktiviteter" #spiir
  spiir-id: "636225015934674818"
  Assets:Checking:Primary  -27.95 DKK
  Expenses:Travel:Activities  27.95 DKK

2016-04-01 * "EL" "" #spiir
  spiir-id: "636225015934674819"
  Assets:Checking:Primary  -367.00 DKK
  Expenses:Uncategorized  367.00 DKK

2016-04-01 * "Madbudget" "" #spiir
  spiir-id: "636225015934674820"
  Assets:Checking:Primary  -2000.00 DKK
  Expenses:Uncategorized  2000.00 DKK

2016-04-01 * "Opsparing" "" #spiir
  spiir-id: "636225015934674821"
  Assets:Checking:Primary  -7000.00 DKK
  Expenses:Uncategorized  7000.00 DKK

2016-04-01 * "Far" "Gaver & velgørenhed" #spiir
  spiir-id: "636225015934674822"
  Assets:Checking:Primary  -1000.00 DKK
  Expenses:Gifts  1000.00 DKK

2016-04-01 * "Fiol Optik" "Briller & kontaktlinser" #spiir
  spiir-id: "636225015934674823"
  Assets:Checking:Primary  -330.00 DKK
  Expenses:Health:Vision  330.00 DKK

2016-04-01 * "Akademikernes A-Kasse" "Fagforening & a-kasse" #spiir
  spiir-id: "636225015934674824"
  Assets:Checking:Primary  -1281.00 DKK
  Expenses:Insurance:Union  1281.00 DKK

2016-04-01 * "3 (hi3g Denmark Aps)" "Telefoni & internet" #spiir
  spiir-id: "636225015934674825"
  Assets:Checking:Primary  -496.25 DKK
  Expenses:Subscriptions:Telecom  496.25 DKK

2016-04-01 * "Dbkk" "Sport & fritid" #spiir
  spiir-id: "636225015934674826"
  Assets:Checking:Primary  -359.00 DKK
  Expenses:Entertainment:Sports  359.00 DKK

2016-04-01 * "Gebyrer i alt" "Bankgebyrer" #spiir
  spiir-id: "636225015934674827"
  Assets:Checking:Primary  -5.00 DKK
  Expenses:Bank:Fees  5.00 DKK

2016-04-02 * "VDK USD 4,88" "Ferieaktiviteter" #spiir
  spiir-id: "636225015934674828"
  Assets:Checking:Primary  -32.66 DKK
  Expenses:Travel:Activities  32.66 DKK

2016-04-02 * "VDK USD 3,75" "Online services & software" #spiir
  spiir-id: "636225015934674829"
  Assets:Checking:Primary  -25.10 DKK
  Expenses:Subscriptions:Software  25.10 DKK

2016-04-02 * "Steffs T3 Landside" "Fastfood & takeaway" #spiir
  spiir-id: "636225015934674830"
  Assets:Checking:Primary  -33.00 DKK
  Expenses:Food:Takeaway  33.00 DKK

2016-04-04 * "Mobilbillet" "Bus, tog, færge o.l." #spiir
  spiir-id: "636225015934674831"
  Assets:Checking:Primary  -150.00 DKK
  Expenses:Transport:Public  150.00 DKK

2016-04-05 * "VDK USD 5,00" "Online services & software" #spiir
  spiir-id: "636225015934674832"
  Assets:Checking:Primary  -33.27 DKK
  Expenses:Subscriptions:Software  33.27 DKK

2016-04-05 * "VDK USD 3,82" "Ferieaktiviteter" #spiir
  spiir-id: "636225015934674833"
  Assets:Checking:Primary  -25.42 DKK
  Expenses:Travel:Activities  25.42 DKK

2016-04-05 * "VDK USD 23,30" "Ferieaktiviteter" #spiir
  spiir-id: "636225015934674834"
  Assets:Checking:Primary  -155.03 DKK
  Expenses:Travel:Activities  155.03 DKK

2016-04-05 * "VDK USD 55,00" "Ferieaktiviteter" #spiir
  spiir-id: "636225015934674835"
  Assets:Checking:Primary  -365.96 DKK
  Expenses:Travel:Activities  365.96 DKK

2016-04-05 * "VDK USD 23,94" "Ferieaktiviteter" #spiir
  spiir-id: "636225015934674836"
  Assets:Checking:Primary  -159.29 DKK
  Expenses:Travel:Activities  159.29 DKK

2016-04-05 * "VDK USD 35,00" "Ferieaktiviteter" #spiir
  spiir-id: "636225015934674837"
  Assets:Checking:Primary  -232.88 DKK
  Expenses:Travel:Activities  232.88 DKK

2016-04-05 * "VDK USD 15,45" "Ferieaktiviteter" #spiir
  spiir-id: "636225015934674838"
  Assets:Checking:Primary  -102.80 DKK
  Expenses:Travel:Activities  102.80 DKK

2016-04-05 * "VDK USD 12,00" "Ferieaktiviteter" #spiir
  spiir-id: "636225015934674839"
  Assets:Checking:Primary  -79.84 DKK
  Expenses:Travel:Activities  79.84 DKK

2016-04-05 * "VDK USD 109,00" "Ferieaktiviteter" #spiir
  spiir-id: "636225015934674840"
  Assets:Checking:Primary  -725.26 DKK
  Expenses:Travel:Activities  725.26 DKK

2016-04-05 * "VDK USD 70,00" "Ferieaktiviteter" #spiir
  spiir-id: "636225015934674841"
  Assets:Checking:Primary  462.75 DKK
  Expenses:Travel:Activities  -462.75 DKK

2016-04-07 * "MobilePay: Frederikka Hvid" "Bar, cafe & restaurant" #spiir
  spiir-id: "636225015934674842"
  Assets:Checking:Primary  160.00 DKK
  Expenses:Food:Restaurant  -160.00 DKK

2016-04-07 * "Empire Bio A/S" "Biograf, koncerter & forlystelser" #spiir
  spiir-id: "636225015934674843"
  Assets:Checking:Primary  -220.00 DKK
  Expenses:Entertainment:Events  220.00 DKK

2016-04-08 * "Ramen To Biiru" "Bar, cafe & restaurant" #spiir
  spiir-id: "636225015934674844"
  Assets:Checking:Primary  -330.00 DKK
  Expenses:Food:Restaurant  330.00 DKK

2016-04-09 * "FOODSTUFF ApS" "Bar, cafe & restaurant" #spiir
  spiir-id: "636225015934674846"
  Assets:Checking:Primary  -125.00 DKK
  Expenses:Food:Restaurant  125.00 DKK

2016-04-09 * "KIHOSKH A/S" "Kiosk, bager & specialbutikker" #spiir
  spiir-id: "636225015934674847"
  Assets:Checking:Primary  -58.00 DKK
  Expenses:Food:Kiosk  58.00 DKK

2016-04-10 * "MobilePay: Asbjørn Hansen" "Bar, cafe & restaurant" #spiir
  spiir-id: "636225015934674845"
  Assets:Checking:Primary  50.00 DKK
  Expenses:Food:Restaurant  -50.00 DKK

2016-04-10 * "Dansk Bjergklub" "Sport & fritid" #spiir
  spiir-id: "636225015934674848"
  Assets:Checking:Primary  -80.00 DKK
  Expenses:Entertainment:Sports  80.00 DKK

2016-04-11 * "Conf de Can IVS" "Bar, cafe & restaurant" #spiir
  spiir-id: "636225015934674849"
  Assets:Checking:Primary  -180.00 DKK
  Expenses:Food:Restaurant  180.00 DKK

2016-04-11 * "Cock's & Cows" "Bar, cafe & restaurant" #spiir
  spiir-id: "636225015934674850"
  Assets:Checking:Primary  -214.67 DKK
  Expenses:Food:Restaurant  214.67 DKK

2016-04-12 * "OVERSKYDENDE SKAT" "Overskydende skat" #spiir
  spiir-id: "636225015934674851"
  Assets:Checking:Primary  2537.00 DKK
  Income:Tax:Refund  -2537.00 DKK

2016-04-12 * "Mobilbillet" "Bus, tog, færge o.l." #spiir
  spiir-id: "636225015934674852"
  Assets:Checking:Primary  -150.00 DKK
  Expenses:Transport:Public  150.00 DKK

2016-04-14 * "VDK DKK 99,00" "Film, musik & læsestof" #spiir
  spiir-id: "636225015934674853"
  Assets:Checking:Primary  -99.00 DKK
  Expenses:Entertainment:Media  99.00 DKK

2016-04-15 * "VDK USD 17,19" "Film, musik & læsestof" #spiir
  spiir-id: "636225015934674854"
  Assets:Checking:Primary  -114.97 DKK
  Expenses:Entertainment:Media  114.97 DKK

2016-04-15 * "DSB Nørreport Aut" "Bus, tog, færge o.l." #spiir
  spiir-id: "636225015934674855"
  Assets:Checking:Primary  -342.00 DKK
  Expenses:Transport:Public  342.00 DKK

2016-04-16 * "MobilePay" "Ukendt" #spiir
  spiir-id: "636225015934674857"
  Assets:Checking:Primary  -90.00 DKK
  Expenses:Other  90.00 DKK

2016-04-16 * "Føtex Prinsessegad" "Dagligvarer" #spiir
  spiir-id: "636225015934674858"
  Assets:Checking:Primary  -84.95 DKK
  Expenses:Food:Groceries  84.95 DKK

2016-04-17 * "MobilePay: Mark Ph Jensen" "Bar, cafe & restaurant" #spiir
  spiir-id: "636225015934674856"
  Assets:Checking:Primary  300.00 DKK
  Expenses:Food:Restaurant  -300.00 DKK

2016-04-17 * "MobilePay" "Ukendt" #spiir
  spiir-id: "636225015934674859"
  Assets:Checking:Primary  -350.00 DKK
  Expenses:Other  350.00 DKK

2016-04-17 * "MobilePay" "Ukendt" #spiir
  spiir-id: "636225015934674860"
  Assets:Checking:Primary  -372.00 DKK
  Expenses:Other  372.00 DKK

2016-04-19 * "MobilePay: Orion Madsen" "Gaver & velgørenhed" #spiir
  spiir-id: "636225015934674861"
  Assets:Checking:Primary  500.00 DKK
  Expenses:Gifts  -500.00 DKK

2016-04-21 * "Mobilbillet" "Bus, tog, færge o.l." #spiir
  spiir-id: "636225015934674862"
  Assets:Checking:Primary  -150.00 DKK
  Expenses:Transport:Public  150.00 DKK

2016-04-21 * "TRUSTPILOT A/S" "Ferieaktiviteter" #spiir
  spiir-id: "636225015934674863"
  Assets:Checking:Primary  17458.20 DKK
  Expenses:Travel:Activities  -17458.20 DKK

2016-04-23 * "ONE 2 ApS" "Bar, cafe & restaurant" #spiir
  spiir-id: "636225015934674864"
  Assets:Checking:Primary  -184.00 DKK
  Expenses:Food:Restaurant  184.00 DKK

2016-04-23 * "MobilePay" "Ukendt" #spiir
  spiir-id: "636225015934674865"
  Assets:Checking:Primary  -150.00 DKK
  Expenses:Other  150.00 DKK

2016-04-23 * "MobilePay" "Ukendt" #spiir
  spiir-id: "636225015934674866"
  Assets:Checking:Primary  -60.00 DKK
  Expenses:Other  60.00 DKK

2016-04-23 * "Fisketorvet Føtex" "Dagligvarer" #spiir
  spiir-id: "636225015934674867"
  Assets:Checking:Primary  -318.28 DKK
  Expenses:Food:Groceries  318.28 DKK

2016-04-23 * "MobilePay" "Fastfood & takeaway" #spiir
  spiir-id: "636225015934674868"
  Assets:Checking:Primary  -75.00 DKK
  Expenses:Food:Takeaway  75.00 DKK

2016-04-23 * "WESTERN SALOON" "Bar, cafe & restaurant" #spiir
  spiir-id: "636225015934674869"
  Assets:Checking:Primary  -22.00 DKK
  Expenses:Food:Restaurant  22.00 DKK

2016-04-23 * "Dansk Bjergklub" "Sport & fritid" #spiir
  spiir-id: "636225015934674870"
  Assets:Checking:Primary  -50.00 DKK
  Expenses:Entertainment:Sports  50.00 DKK

2016-04-23 * "WESTERN SALOON" "Bar, cafe & restaurant" #spiir
  spiir-id: "636225015934674871"
  Assets:Checking:Primary  -110.00 DKK
  Expenses:Food:Restaurant  110.00 DKK

2016-04-24 * "WESTERN SALOON" "Bar, cafe & restaurant" #spiir
  spiir-id: "636225015934674872"
  Assets:Checking:Primary  -110.00 DKK
  Expenses:Food:Restaurant  110.00 DKK

2016-04-24 * "WESTERN SALOON" "Bar, cafe & restaurant" #spiir
  spiir-id: "636225015934674873"
  Assets:Checking:Primary  -150.00 DKK
  Expenses:Food:Restaurant  150.00 DKK

2016-04-24 * "McDonalds Falkoner" "Fastfood & takeaway" #spiir
  spiir-id: "636225015934674874"
  Assets:Checking:Primary  -27.00 DKK
  Expenses:Food:Takeaway  27.00 DKK

2016-04-26 * "The Dubliner Downt" "Bar, cafe & restaurant" #spiir
  spiir-id: "636225015934674875"
  Assets:Checking:Primary  -62.00 DKK
  Expenses:Food:Restaurant  62.00 DKK

2016-04-26 * "MobilePay: Asbjørn Hansen" "Bar, cafe & restaurant" #spiir
  spiir-id: "636225015934674876"
  Assets:Checking:Primary  180.00 DKK
  Expenses:Food:Restaurant  -180.00 DKK

2016-04-26 * "MobilePay: Carlos Filipe Pinto Da Conceicao" "Bar, cafe & restaurant" #spiir
  spiir-id: "636225015934674877"
  Assets:Checking:Primary  178.00 DKK
  Expenses:Food:Restaurant  -178.00 DKK

2016-04-26 * "TAEKO BOUTIQUE" "Møbler & boligudstyr" #spiir
  spiir-id: "636225015934674878"
  Assets:Checking:Primary  -392.00 DKK
  Expenses:Shopping:Furniture  392.00 DKK

2016-04-26 * "Fiat Kgs. Nytorv" "Bar, cafe & restaurant" #spiir
  spiir-id: "636225015934674879"
  Assets:Checking:Primary  -535.00 DKK
  Expenses:Food:Restaurant  535.00 DKK

2016-04-27 * "VDK USD 7,00" "Online services & software" #spiir
  spiir-id: "636225015934674880"
  Assets:Checking:Primary  -47.14 DKK
  Expenses:Subscriptions:Software  47.14 DKK

2016-04-28 * "7-Eleven B" "Kiosk, bager & specialbutikker" #spiir
  spiir-id: "636225015934674881"
  Assets:Checking:Primary  -30.00 DKK
  Expenses:Food:Kiosk  30.00 DKK

2016-04-28 * "Mobilbillet" "Bus, tog, færge o.l." #spiir
  spiir-id: "636225015934674882"
  Assets:Checking:Primary  -150.00 DKK
  Expenses:Transport:Public  150.00 DKK

2016-04-28 * "Lagkagehuset" "Kiosk, bager & specialbutikker" #spiir
  spiir-id: "636225015934674883"
  Assets:Checking:Primary  -35.00 DKK
  Expenses:Food:Kiosk  35.00 DKK

2016-04-28 * "Lønoverførsel" "Løn" #spiir
  spiir-id: "636225015934674884"
  Assets:Checking:Primary  22650.33 DKK
  Income:Salary  -22650.33 DKK

2016-04-29 * "Husleje" "" #spiir
  spiir-id: "636225015934674885"
  Assets:Checking:Primary  -4595.00 DKK
  Expenses:Uncategorized  4595.00 DKK

2016-04-29 * "Coffee Factory Swe" "Bar, cafe & restaurant" #spiir
  spiir-id: "636225015934674886"
  Assets:Checking:Primary  -34.00 DKK
  Expenses:Food:Restaurant  34.00 DKK

2016-04-29 * "HIND MARKED" "Dagligvarer" #spiir
  spiir-id: "636225015934674887"
  Assets:Checking:Primary  -20.00 DKK
  Expenses:Food:Groceries  20.00 DKK

2016-04-29 * "Ma Poule ApS" "Bar, cafe & restaurant" #spiir
  spiir-id: "636225015934674888"
  Assets:Checking:Primary  -58.00 DKK
  Expenses:Food:Restaurant  58.00 DKK

2016-04-29 * "Samsøe & Samsøe" "Tøj, sko & accessories" #spiir
  spiir-id: "636225015934674889"
  Assets:Checking:Primary  -700.00 DKK
  Expenses:Shopping:Clothing  700.00 DKK

2016-04-30 * "MobilePay German Baldi" "Bar, cafe & restaurant" #spiir
  spiir-id: "636225015934674890"
  Assets:Checking:Primary  -30.00 DKK
  Expenses:Food:Restaurant  30.00 DKK

2016-04-30 * "Dbkk" "Sport & fritid" #spiir
  spiir-id: "636225015934674891"
  Assets:Checking:Primary  -359.00 DKK
  Expenses:Entertainment:Sports  359.00 DKK

2016-04-30 * "Tryg" "Indbo- & familieforsikring" #spiir
  spiir-id: "636225015934674892"
  Assets:Checking:Primary  -123.27 DKK
  Expenses:House:Contents-Insurance  123.27 DKK

2016-04-30 * "Tryg" "Indbo- & familieforsikring" #spiir
  spiir-id: "636225015934674893"
  Assets:Checking:Primary  -185.95 DKK
  Expenses:House:Contents-Insurance  185.95 DKK

2016-04-30 * "3 (hi3g Denmark Aps)" "Telefoni & internet" #spiir
  spiir-id: "636225015934674894"
  Assets:Checking:Primary  -496.25 DKK
  Expenses:Subscriptions:Telecom  496.25 DKK

2016-04-30 * "KIHOSKH A/S" "Kiosk, bager & specialbutikker" #spiir
  spiir-id: "636225015934674895"
  Assets:Checking:Primary  -58.00 DKK
  Expenses:Food:Kiosk  58.00 DKK

2016-05-01 * "Selskabet Islands" "Bar, cafe & restaurant" #spiir
  spiir-id: "636225015934674896"
  Assets:Checking:Primary  -120.00 DKK
  Expenses:Food:Restaurant  120.00 DKK

2016-05-02 * "EL" "" #spiir
  spiir-id: "636225015934674897"
  Assets:Checking:Primary  -367.00 DKK
  Expenses:Uncategorized  367.00 DKK

2016-05-02 * "Madbudget" "" #spiir
  spiir-id: "636225015934674898"
  Assets:Checking:Primary  -2000.00 DKK
  Expenses:Uncategorized  2000.00 DKK

2016-05-02 * "Opsparing" "" #spiir
  spiir-id: "636225015934674899"
  Assets:Checking:Primary  -7000.00 DKK
  Expenses:Uncategorized  7000.00 DKK

2016-05-02 * "Far" "Gaver & velgørenhed" #spiir
  spiir-id: "636225015934674900"
  Assets:Checking:Primary  -1000.00 DKK
  Expenses:Gifts  1000.00 DKK

2016-05-02 * "MobilePay: Karen Brandt Ewon" "Bar, cafe & restaurant" #spiir
  spiir-id: "636225015934674901"
  Assets:Checking:Primary  70.00 DKK
  Expenses:Food:Restaurant  -70.00 DKK

2016-05-03 * "Gebyrer i alt" "Bankgebyrer" #spiir
  spiir-id: "636225015934674902"
  Assets:Checking:Primary  -5.00 DKK
  Expenses:Bank:Fees  5.00 DKK

2016-05-03 * "VDK DKK 100,00" "Ukendt" #spiir
  spiir-id: "636225015934674903"
  Assets:Checking:Primary  -100.00 DKK
  Expenses:Other  100.00 DKK

2016-05-03 * "MobilePay Frisør Hans" "Frisør & personlig pleje" #spiir
  spiir-id: "636225015934674904"
  Assets:Checking:Primary  -180.00 DKK
  Expenses:Shopping:Personal-Care  180.00 DKK

2016-05-03 * "Kaffetårnet" "Bar, cafe & restaurant" #spiir
  spiir-id: "636225015934674905"
  Assets:Checking:Primary  -27.00 DKK
  Expenses:Food:Restaurant  27.00 DKK

2016-05-03 * "FRILUFTSLAND A/S" "Tøj, sko & accessories" #spiir
  spiir-id: "636225015934674906"
  Assets:Checking:Primary  -250.20 DKK
  Expenses:Shopping:Clothing  250.20 DKK

2016-05-04 * "Croissanten" "Fastfood & takeaway" #spiir
  spiir-id: "636225015934674907"
  Assets:Checking:Primary  -38.00 DKK
  Expenses:Food:Takeaway  38.00 DKK

2016-05-04 * "La Perla" "Bar, cafe & restaurant" #spiir
  spiir-id: "636225015934674908"
  Assets:Checking:Primary  -99.00 DKK
  Expenses:Food:Restaurant  99.00 DKK

2016-05-04 * "Imperial" "Biograf, koncerter & forlystelser" #spiir
  spiir-id: "636225015934674909"
  Assets:Checking:Primary  -31.35 DKK
  Expenses:Entertainment:Events  31.35 DKK

2016-05-05 * "MobilePay Søren Pedersen" "Film, musik & læsestof" #spiir
  spiir-id: "636225015934674910"
  Assets:Checking:Primary  -125.00 DKK
  Expenses:Entertainment:Media  125.00 DKK

2016-05-05 * "Statens Administration S" "Studielån" #spiir
  spiir-id: "636225015934674911"
  Assets:Checking:Primary  -205.00 DKK
  Expenses:Loans:Student  205.00 DKK

2016-05-05 * "Ingeniørforeningen" "Fagforening & a-kasse" #spiir
  spiir-id: "636225015934674912"
  Assets:Checking:Primary  -878.25 DKK
  Expenses:Insurance:Union  878.25 DKK

2016-05-05 * "Mobilbillet" "Bus, tog, færge o.l." #spiir
  spiir-id: "636225015934674913"
  Assets:Checking:Primary  -150.00 DKK
  Expenses:Transport:Public  150.00 DKK

2016-05-06 * "Røde Kors Butik" "Gaver & velgørenhed" #spiir
  spiir-id: "636225015934674914"
  Assets:Checking:Primary  -60.00 DKK
  Expenses:Gifts  60.00 DKK

2016-05-06 * "Det Ny Røgeri" "Dagligvarer" #spiir
  spiir-id: "636225015934674915"
  Assets:Checking:Primary  -170.00 DKK
  Expenses:Food:Groceries  170.00 DKK

2016-05-10 * "Kaffetårnet" "Bar, cafe & restaurant" #spiir
  spiir-id: "636225015934674916"
  Assets:Checking:Primary  -27.00 DKK
  Expenses:Food:Restaurant  27.00 DKK

2016-05-10 * "cykelbanditten.dk" "Anden transport" #spiir
  spiir-id: "636225015934674917"
  Assets:Checking:Primary  -2548.00 DKK
  Expenses:Transport:Other  2548.00 DKK

2016-05-10 * "MENY" "Dagligvarer" #spiir
  spiir-id: "636225015934674918"
  Assets:Checking:Primary  -60.90 DKK
  Expenses:Food:Groceries  60.90 DKK

2016-05-10 * "MENY" "Dagligvarer" #spiir
  spiir-id: "636225015934674919"
  Assets:Checking:Primary  -45.90 DKK
  Expenses:Food:Groceries  45.90 DKK

2016-05-11 * "Automatudbetaling 2105-0221" "Ukendt" #spiir
  spiir-id: "636225015934674920"
  Assets:Checking:Primary  -100.00 DKK
  Expenses:Other  100.00 DKK

2016-05-11 * "Kaffetårnet" "Bar, cafe & restaurant" #spiir
  spiir-id: "636225015934674921"
  Assets:Checking:Primary  -27.00 DKK
  Expenses:Food:Restaurant  27.00 DKK

2016-05-11 * "MobilePay Signe Poulsen" "Bus, tog, færge o.l." #spiir
  spiir-id: "636225015934674922"
  Assets:Checking:Primary  -260.00 DKK
  Expenses:Transport:Public  260.00 DKK

2016-05-12 * "VDK DKK 25,00" "Ferieaktiviteter" #spiir
  spiir-id: "636225015934674923"
  Assets:Checking:Primary  -25.00 DKK
  Expenses:Travel:Activities  25.00 DKK

2016-05-12 * "VDK DKK 25,00" "Ferieaktiviteter" #spiir
  spiir-id: "636225015934674924"
  Assets:Checking:Primary  -25.00 DKK
  Expenses:Travel:Activities  25.00 DKK

2016-05-12 * "Mobilbillet" "Bus, tog, færge o.l." #spiir
  spiir-id: "636225015934674925"
  Assets:Checking:Primary  -150.00 DKK
  Expenses:Transport:Public  150.00 DKK

2016-05-13 * "KIHOSKH A/S" "Kiosk, bager & specialbutikker" #spiir
  spiir-id: "636225015934674926"
  Assets:Checking:Primary  -77.00 DKK
  Expenses:Food:Kiosk  77.00 DKK

2016-05-14 * "VDK DKK 99,00" "Film, musik & læsestof" #spiir
  spiir-id: "636225015934674928"
  Assets:Checking:Primary  -99.00 DKK
  Expenses:Entertainment:Media  99.00 DKK

2016-05-14 * "VDK DKK 25,00" "Ferieaktiviteter" #spiir
  spiir-id: "636225015934674929"
  Assets:Checking:Primary  -25.00 DKK
  Expenses:Travel:Activities  25.00 DKK

2016-05-15 * "MobilePay Signe Poulsen" "Ombygning & vedligehold" #spiir
  spiir-id: "636225015934674927"
  Assets:Checking:Primary  -1343.00 DKK
  Expenses:House:Renovation  1343.00 DKK

2016-05-15 * "REMA 1000 Vestcent" "Dagligvarer" #spiir
  spiir-id: "636225015934674930"
  Assets:Checking:Primary  -40.00 DKK
  Expenses:Food:Groceries  40.00 DKK

2016-05-16 * "DSB 7-Eleven Vejle" "Kiosk, bager & specialbutikker" #spiir
  spiir-id: "636225015934674931"
  Assets:Checking:Primary  -22.95 DKK
  Expenses:Food:Kiosk  22.95 DKK

2016-05-16 * "Dansk Bjergklub" "Sport & fritid" #spiir
  spiir-id: "636225015934674932"
  Assets:Checking:Primary  -45.00 DKK
  Expenses:Entertainment:Sports  45.00 DKK

2016-05-17 * "MobilePay Carlos Filipe Pinto Da Conceicao" "Ukendt" #spiir
  spiir-id: "636225015934674933"
  Assets:Checking:Primary  -200.00 DKK
  Expenses:Other  200.00 DKK

2016-05-17 * "Fri BikeShop" "Værksted & reservedele" #spiir
  spiir-id: "636225015934674934"
  Assets:Checking:Primary  -125.00 DKK
  Expenses:Car:Service  125.00 DKK

2016-05-18 * "VDK USD 17,19" "Film, musik & læsestof" #spiir
  spiir-id: "636225015934674935"
  Assets:Checking:Primary  -114.79 DKK
  Expenses:Entertainment:Media  114.79 DKK

2016-05-19 * "MobilePay Karina Gilhøj Lundsgaard" "Gaver & velgørenhed" #spiir
  spiir-id: "636225015934674936"
  Assets:Checking:Primary  -300.00 DKK
  Expenses:Gifts  300.00 DKK

2016-05-19 * "CB" "Ukendt" #spiir
  spiir-id: "636225015934674937"
  Assets:Checking:Primary  -49.00 DKK
  Expenses:Other  49.00 DKK

2016-05-21 * "Balderdash" "Bar, cafe & restaurant" #spiir
  spiir-id: "636225015934674938"
  Assets:Checking:Primary  -370.00 DKK
  Expenses:Food:Restaurant  370.00 DKK

2016-05-22 * "The Bird and The C" "Bar, cafe & restaurant" #spiir
  spiir-id: "636225015934674939"
  Assets:Checking:Primary  -120.00 DKK
  Expenses:Food:Restaurant  120.00 DKK

2016-05-22 * "The Bird and The C" "Bar, cafe & restaurant" #spiir
  spiir-id: "636225015934674940"
  Assets:Checking:Primary  -120.00 DKK
  Expenses:Food:Restaurant  120.00 DKK

2016-05-22 * "KIHOSKH A/S" "Kiosk, bager & specialbutikker" #spiir
  spiir-id: "636225015934674941"
  Assets:Checking:Primary  -29.00 DKK
  Expenses:Food:Kiosk  29.00 DKK

2016-05-22 * "Netto Havnestaden" "Dagligvarer" #spiir
  spiir-id: "636225015934674942"
  Assets:Checking:Primary  -167.95 DKK
  Expenses:Food:Groceries  167.95 DKK

2016-05-24 * "interflora.dk 0XIKV" "Gaver & velgørenhed" #spiir
  spiir-id: "636225015934674943"
  Assets:Checking:Primary  -430.00 DKK
  Expenses:Gifts  430.00 DKK

2016-05-24 * "VDK DKK 599,00" "Tøj, sko & accessories" #spiir #zalando
  spiir-id: "636225015934674944"
  Assets:Checking:Primary  -599.00 DKK
  Expenses:Shopping:Clothing  599.00 DKK

2016-05-26 * "MobilePay Jan Dalsgaard" "Gaver & velgørenhed" #spiir
  spiir-id: "636225015934674945"
  Assets:Checking:Primary  -143.00 DKK
  Expenses:Gifts  143.00 DKK

2016-05-26 * "Mesteren & Lærling" "Bar, cafe & restaurant" #spiir
  spiir-id: "636225015934674946"
  Assets:Checking:Primary  -90.00 DKK
  Expenses:Food:Restaurant  90.00 DKK

2016-05-27 * "VDK USD 7,00" "Online services & software" #spiir
  spiir-id: "636225015934674947"
  Assets:Checking:Primary  -47.46 DKK
  Expenses:Subscriptions:Software  47.46 DKK

2016-05-27 * "MobilePay chicky grill" "Fastfood & takeaway" #spiir
  spiir-id: "636225015934674948"
  Assets:Checking:Primary  -124.00 DKK
  Expenses:Food:Takeaway  124.00 DKK

2016-05-27 * "fjællræven epic st" "Tøj, sko & accessories" #spiir
  spiir-id: "636225015934674949"
  Assets:Checking:Primary  699.00 DKK
  Expenses:Shopping:Clothing  -699.00 DKK

2016-05-27 * "FRILUFTSLAND A/S" "Tøj, sko & accessories" #spiir
  spiir-id: "636225015934674950"
  Assets:Checking:Primary  -699.00 DKK
  Expenses:Shopping:Clothing  699.00 DKK

2016-05-27 * "fjællræven epic st" "Tøj, sko & accessories" #spiir
  spiir-id: "636225015934674951"
  Assets:Checking:Primary  -699.00 DKK
  Expenses:Shopping:Clothing  699.00 DKK

2016-05-28 * "MobilePay Starbucks, Fisketorvet" "Bar, cafe & restaurant" #spiir
  spiir-id: "636225015934674952"
  Assets:Checking:Primary  -31.00 DKK
  Expenses:Food:Restaurant  31.00 DKK

2016-05-28 * "BOG & IDE" "Film, musik & læsestof" #spiir
  spiir-id: "636225015934674953"
  Assets:Checking:Primary  -99.95 DKK
  Expenses:Entertainment:Media  99.95 DKK

2016-05-28 * "Tommi's Burger Joi" "Fastfood & takeaway" #spiir
  spiir-id: "636225015934674954"
  Assets:Checking:Primary  -139.00 DKK
  Expenses:Food:Takeaway  139.00 DKK

2016-05-30 * "KØBENHAVN STENO AP" "Apotek & medicin" #spiir
  spiir-id: "636225015934674955"
  Assets:Checking:Primary  -29.25 DKK
  Expenses:Health:Pharmacy  29.25 DKK

2016-05-30 * "KØBENHAVN STENO AP" "Apotek & medicin" #spiir
  spiir-id: "636225015934674956"
  Assets:Checking:Primary  -32.00 DKK
  Expenses:Health:Pharmacy  32.00 DKK

2016-05-30 * "Lønoverførsel" "Løn" #spiir
  spiir-id: "636225015934674957"
  Assets:Checking:Primary  25008.96 DKK
  Income:Salary  -25008.96 DKK

2016-05-31 * "VDK DKK 182,98" "Ukendt" #spiir
  spiir-id: "636225015934674958"
  Assets:Checking:Primary  -182.98 DKK
  Expenses:Other  182.98 DKK

2016-05-31 * "VDK DKK 118,00" "Ukendt" #spiir
  spiir-id: "636225015934674959"
  Assets:Checking:Primary  -118.00 DKK
  Expenses:Other  118.00 DKK

2016-05-31 * "VDK DKK 60,00" "Ukendt" #spiir
  spiir-id: "636225015934674960"
  Assets:Checking:Primary  -60.00 DKK
  Expenses:Other  60.00 DKK

2016-05-31 * "Husleje" "" #spiir
  spiir-id: "636225015934674961"
  Assets:Checking:Primary  -4595.00 DKK
  Expenses:Uncategorized  4595.00 DKK

2016-05-31 * "Cafelykken ApS" "Bar, cafe & restaurant" #spiir
  spiir-id: "636225015934674962"
  Assets:Checking:Primary  -264.00 DKK
  Expenses:Food:Restaurant  264.00 DKK

2016-05-31 * "Gebyrer i alt" "Bankgebyrer" #spiir
  spiir-id: "636225015934674963"
  Assets:Checking:Primary  -8.00 DKK
  Expenses:Bank:Fees  8.00 DKK

2016-06-01 * "TryghedsGruppenBonus" "Indbo- & familieforsikring" #spiir
  spiir-id: "636225015934674964"
  Assets:Checking:Primary  91.73 DKK
  Expenses:House:Contents-Insurance  -91.73 DKK

2016-06-01 * "EL" "" #spiir
  spiir-id: "636225015934674965"
  Assets:Checking:Primary  -367.00 DKK
  Expenses:Uncategorized  367.00 DKK

2016-06-01 * "Madbudget" "" #spiir
  spiir-id: "636225015934674966"
  Assets:Checking:Primary  -2000.00 DKK
  Expenses:Uncategorized  2000.00 DKK

2016-06-01 * "Opsparing" "" #spiir
  spiir-id: "636225015934674967"
  Assets:Checking:Primary  -7000.00 DKK
  Expenses:Uncategorized  7000.00 DKK

2016-06-01 * "Far" "Gaver & velgørenhed" #spiir
  spiir-id: "636225015934674968"
  Assets:Checking:Primary  -1000.00 DKK
  Expenses:Gifts  1000.00 DKK

2016-06-01 * "Dbkk" "Sport & fritid" #spiir
  spiir-id: "636225015934674969"
  Assets:Checking:Primary  -359.00 DKK
  Expenses:Entertainment:Sports  359.00 DKK

2016-06-01 * "3 (hi3g Denmark Aps)" "Telefoni & internet" #spiir
  spiir-id: "636225015934674970"
  Assets:Checking:Primary  -496.25 DKK
  Expenses:Subscriptions:Telecom  496.25 DKK

2016-06-01 * "Fiol Optik" "Briller & kontaktlinser" #spiir
  spiir-id: "636225015934674971"
  Assets:Checking:Primary  -660.00 DKK
  Expenses:Health:Vision  660.00 DKK

2016-06-01 * "MobilePay Milena Todorova Nikolova" "Gaver & velgørenhed" #spiir
  spiir-id: "636225015934674972"
  Assets:Checking:Primary  -11.96 DKK
  Expenses:Gifts  11.96 DKK

2016-06-01 * "Synoptik A/S" "Briller & kontaktlinser" #spiir
  spiir-id: "636225015934674973"
  Assets:Checking:Primary  -500.00 DKK
  Expenses:Health:Vision  500.00 DKK

2016-06-01 * "Cafe Fiol" "Bar, cafe & restaurant" #spiir
  spiir-id: "636225015934674974"
  Assets:Checking:Primary  -39.00 DKK
  Expenses:Food:Restaurant  39.00 DKK

2016-06-01 * "VAISENHUS APOTEK" "Apotek & medicin" #spiir
  spiir-id: "636225015934674975"
  Assets:Checking:Primary  -68.80 DKK
  Expenses:Health:Pharmacy  68.80 DKK

2016-06-01 * "Netto Landemærket" "Dagligvarer" #spiir
  spiir-id: "636225015934674976"
  Assets:Checking:Primary  -11.00 DKK
  Expenses:Food:Groceries  11.00 DKK

2016-06-01 * "Fiol Optik v/Brian" "Briller & kontaktlinser" #spiir
  spiir-id: "636225015934674977"
  Assets:Checking:Primary  -375.00 DKK
  Expenses:Health:Vision  375.00 DKK

2016-06-01 * "Gebyrer i alt" "Bankgebyrer" #spiir
  spiir-id: "636225015934674978"
  Assets:Checking:Primary  -5.00 DKK
  Expenses:Bank:Fees  5.00 DKK

2016-06-01 * "MobilePay: Signe Poulsen" "Bar, cafe & restaurant" #spiir
  spiir-id: "636225015934674979"
  Assets:Checking:Primary  260.00 DKK
  Expenses:Food:Restaurant  -260.00 DKK

2016-06-01 * "billetto.dk" "Biograf, koncerter & forlystelser" #spiir
  spiir-id: "636225015934674980"
  Assets:Checking:Primary  -520.70 DKK
  Expenses:Entertainment:Events  520.70 DKK

2016-06-02 * "VDK DKK 25,00" "Ferieaktiviteter" #spiir
  spiir-id: "636225015934674981"
  Assets:Checking:Primary  -25.00 DKK
  Expenses:Travel:Activities  25.00 DKK

2016-06-02 * "KIHOSKH A/S" "Kiosk, bager & specialbutikker" #spiir
  spiir-id: "636225015934674982"
  Assets:Checking:Primary  -29.00 DKK
  Expenses:Food:Kiosk  29.00 DKK

2016-06-03 * "Uber" "" #spiir
  spiir-id: "636225015934674983"
  Assets:Checking:Primary  200.00 DKK
  Expenses:Uncategorized  -200.00 DKK

2016-06-04 * "VDK DKK 998,00" "Tøj, sko & accessories" #spiir #zalando
  spiir-id: "636225015934674984"
  Assets:Checking:Primary  -998.00 DKK
  Expenses:Shopping:Clothing  998.00 DKK

2016-06-05 * "Riccos Kaffebar" "Bar, cafe & restaurant" #spiir
  spiir-id: "636225015934674985"
  Assets:Checking:Primary  -72.00 DKK
  Expenses:Food:Restaurant  72.00 DKK

2016-06-06 * "CHRISTIANSHAVNS AP" "Apotek & medicin" #spiir
  spiir-id: "636225015934674986"
  Assets:Checking:Primary  -35.10 DKK
  Expenses:Health:Pharmacy  35.10 DKK

2016-06-07 * "VDK DKK 75,00" "Ukendt" #spiir
  spiir-id: "636225015934674987"
  Assets:Checking:Primary  -75.00 DKK
  Expenses:Other  75.00 DKK

2016-06-07 * "KIHOSKH A/S" "Kiosk, bager & specialbutikker" #spiir
  spiir-id: "636225015934674988"
  Assets:Checking:Primary  -29.00 DKK
  Expenses:Food:Kiosk  29.00 DKK

2016-06-07 * "Restaurationsselsk" "Bar, cafe & restaurant" #spiir
  spiir-id: "636225015934674989"
  Assets:Checking:Primary  -41.00 DKK
  Expenses:Food:Restaurant  41.00 DKK

2016-06-07 * "MobilePay Frisør Hans" "Frisør & personlig pleje" #spiir
  spiir-id: "636225015934674990"
  Assets:Checking:Primary  -180.00 DKK
  Expenses:Shopping:Personal-Care  180.00 DKK

2016-06-07 * "Risteriet Aps" "Bar, cafe & restaurant" #spiir
  spiir-id: "636225015934674991"
  Assets:Checking:Primary  -30.00 DKK
  Expenses:Food:Restaurant  30.00 DKK

2016-06-08 * "Kantine - Cafe" "Bar, cafe & restaurant" #spiir
  spiir-id: "636225015934674992"
  Assets:Checking:Primary  -20.00 DKK
  Expenses:Food:Restaurant  20.00 DKK

2016-06-09 * "Thai Supermarket A" "Dagligvarer" #spiir
  spiir-id: "636225015934674993"
  Assets:Checking:Primary  -22.00 DKK
  Expenses:Food:Groceries  22.00 DKK

2016-06-09 * "moodfood" "Fastfood & takeaway" #spiir
  spiir-id: "636225015934674994"
  Assets:Checking:Primary  -49.00 DKK
  Expenses:Food:Takeaway  49.00 DKK

2016-06-10 * "KIHOSKH A/S" "Kiosk, bager & specialbutikker" #spiir
  spiir-id: "636225015934674995"
  Assets:Checking:Primary  -29.00 DKK
  Expenses:Food:Kiosk  29.00 DKK

2016-06-10 * "Thai Supermarket A" "Dagligvarer" #spiir
  spiir-id: "636225015934674996"
  Assets:Checking:Primary  -35.00 DKK
  Expenses:Food:Groceries  35.00 DKK

2016-06-11 * "Bryggen 21 ApS" "Bar, cafe & restaurant" #spiir
  spiir-id: "636225015934674997"
  Assets:Checking:Primary  -32.00 DKK
  Expenses:Food:Restaurant  32.00 DKK

2016-06-12 * "OK Sjællandsbroen" "Brændstof" #spiir
  spiir-id: "636225015934674998"
  Assets:Checking:Primary  -53.11 DKK
  Expenses:Car:Gas  53.11 DKK

2016-06-12 * "Bryggen 21 ApS" "Bar, cafe & restaurant" #spiir
  spiir-id: "636225015934674999"
  Assets:Checking:Primary  -54.00 DKK
  Expenses:Food:Restaurant  54.00 DKK

2016-06-13 * "KIHOSKH A/S" "Kiosk, bager & specialbutikker" #spiir
  spiir-id: "636225015934675000"
  Assets:Checking:Primary  -21.00 DKK
  Expenses:Food:Kiosk  21.00 DKK

2016-06-13 * "KIHOSKH A/S" "Kiosk, bager & specialbutikker" #spiir
  spiir-id: "636225015934675001"
  Assets:Checking:Primary  -29.00 DKK
  Expenses:Food:Kiosk  29.00 DKK

2016-06-14 * "VDK DKK 99,00" "Film, musik & læsestof" #spiir
  spiir-id: "636225015934675002"
  Assets:Checking:Primary  -99.00 DKK
  Expenses:Entertainment:Media  99.00 DKK

2016-06-14 * "Kaffeplantagen - V" "Bar, cafe & restaurant" #spiir
  spiir-id: "636225015934675003"
  Assets:Checking:Primary  -37.00 DKK
  Expenses:Food:Restaurant  37.00 DKK

2016-06-14 * "Kaffeslabberasen" "Bar, cafe & restaurant" #spiir
  spiir-id: "636225015934675004"
  Assets:Checking:Primary  -33.00 DKK
  Expenses:Food:Restaurant  33.00 DKK

2016-06-15 * "VDK DKK 391,00" "Bus, tog, færge o.l." #spiir #gomore
  spiir-id: "636225015934675005"
  Assets:Checking:Primary  -391.00 DKK
  Expenses:Transport:Public  391.00 DKK

2016-06-15 * "VDK USD 17,19" "Film, musik & læsestof" #spiir
  spiir-id: "636225015934675006"
  Assets:Checking:Primary  -115.52 DKK
  Expenses:Entertainment:Media  115.52 DKK

2016-06-15 * "KIHOSKH A/S" "Kiosk, bager & specialbutikker" #spiir
  spiir-id: "636225015934675007"
  Assets:Checking:Primary  -29.00 DKK
  Expenses:Food:Kiosk  29.00 DKK

2016-06-15 * "MobilePay Tore Tveit Knudsen" "Behandling & læger" #spiir
  spiir-id: "636225015934675008"
  Assets:Checking:Primary  -300.00 DKK
  Expenses:Health:Doctor  300.00 DKK

2016-06-16 * "VDK GBP 51,99" "Gaver & velgørenhed" #spiir #urbanoutfitters #mortenbang
  spiir-id: "636225015934675009"
  Assets:Checking:Primary  -495.71 DKK
  Expenses:Gifts  495.71 DKK

2016-06-16 * "Copenhagen boulder" "Sport & fritid" #spiir
  spiir-id: "636225015934675010"
  Assets:Checking:Primary  -107.00 DKK
  Expenses:Entertainment:Sports  107.00 DKK

2016-06-16 * "Netto Havnestaden" "Dagligvarer" #spiir
  spiir-id: "636225015934675011"
  Assets:Checking:Primary  -9.00 DKK
  Expenses:Food:Groceries  9.00 DKK

2016-06-17 * "Netto Havnestaden" "Dagligvarer" #spiir
  spiir-id: "636225015934675012"
  Assets:Checking:Primary  -14.95 DKK
  Expenses:Food:Groceries  14.95 DKK

2016-06-18 * "VDK DKK 499,00" "Hobby & sportsudstyr" #spiir #sportsmaster
  spiir-id: "636225015934675013"
  Assets:Checking:Primary  499.00 DKK
  Expenses:Shopping:Sports  -499.00 DKK

2016-06-18 * "Studenterhuset" "Bar, cafe & restaurant" #spiir
  spiir-id: "636225015934675014"
  Assets:Checking:Primary  -32.00 DKK
  Expenses:Food:Restaurant  32.00 DKK

2016-06-20 * "Fitness dk (nr" "Sport & fritid" #spiir
  spiir-id: "636225015934675015"
  Assets:Checking:Primary  -25.00 DKK
  Expenses:Entertainment:Sports  25.00 DKK

2016-06-21 * "MobilePay: Daniel Grant" "Bar, cafe & restaurant" #spiir
  spiir-id: "636225015934675016"
  Assets:Checking:Primary  25.00 DKK
  Expenses:Food:Restaurant  -25.00 DKK

2016-06-21 * "CPH DOWNTOWN A/S" "Bar, cafe & restaurant" #spiir
  spiir-id: "636225015934675017"
  Assets:Checking:Primary  -50.00 DKK
  Expenses:Food:Restaurant  50.00 DKK

2016-06-21 * "MobilePay: Daniel Grant" "Bar, cafe & restaurant" #spiir
  spiir-id: "636225015934675018"
  Assets:Checking:Primary  90.00 DKK
  Expenses:Food:Restaurant  -90.00 DKK

2016-06-21 * "Il Buco" "Bar, cafe & restaurant" #spiir
  spiir-id: "636225015934675019"
  Assets:Checking:Primary  -180.00 DKK
  Expenses:Food:Restaurant  180.00 DKK

2016-06-21 * "Synoptik A/S" "Briller & kontaktlinser" #spiir
  spiir-id: "636225015934675020"
  Assets:Checking:Primary  -2698.40 DKK
  Expenses:Health:Vision  2698.40 DKK

2016-06-21 * "Restaurationsselsk" "Bar, cafe & restaurant" #spiir
  spiir-id: "636225015934675021"
  Assets:Checking:Primary  -78.00 DKK
  Expenses:Food:Restaurant  78.00 DKK

2016-06-21 * "Globe Irish Pub" "Bar, cafe & restaurant" #spiir
  spiir-id: "636225015934675022"
  Assets:Checking:Primary  -130.00 DKK
  Expenses:Food:Restaurant  130.00 DKK

2016-06-22 * "Fisketorvet Føtex" "Dagligvarer" #spiir
  spiir-id: "636225015934675023"
  Assets:Checking:Primary  -219.02 DKK
  Expenses:Food:Groceries  219.02 DKK

2016-06-23 * "VDK DKK 44,99" "Ukendt" #spiir
  spiir-id: "636225015934675024"
  Assets:Checking:Primary  -44.99 DKK
  Expenses:Other  44.99 DKK

2016-06-23 * "LêLê Street Kitche" "Bar, cafe & restaurant" #spiir
  spiir-id: "636225015934675025"
  Assets:Checking:Primary  -186.00 DKK
  Expenses:Food:Restaurant  186.00 DKK

2016-06-23 * "BØF" "Bar, cafe & restaurant" #spiir
  spiir-id: "636225015934675026"
  Assets:Checking:Primary  -70.00 DKK
  Expenses:Food:Restaurant  70.00 DKK

2016-06-25 * "KIHOSKH A/S" "Kiosk, bager & specialbutikker" #spiir
  spiir-id: "636225015934675028"
  Assets:Checking:Primary  -146.00 DKK
  Expenses:Food:Kiosk  146.00 DKK

2016-06-25 * "Kiosk Bien" "Kiosk, bager & specialbutikker" #spiir
  spiir-id: "636225015934675029"
  Assets:Checking:Primary  -54.00 DKK
  Expenses:Food:Kiosk  54.00 DKK

2016-06-26 * "MobilePay Cofoco Event - Kastrup" "Bar, cafe & restaurant" #spiir
  spiir-id: "636225015934675027"
  Assets:Checking:Primary  -60.00 DKK
  Expenses:Food:Restaurant  60.00 DKK

2016-06-26 * "Copenhagen boulder" "Sport & fritid" #spiir
  spiir-id: "636225015934675030"
  Assets:Checking:Primary  -29.00 DKK
  Expenses:Entertainment:Sports  29.00 DKK

2016-06-27 * "SuperB Islands B" "Dagligvarer" #spiir
  spiir-id: "636225015934675031"
  Assets:Checking:Primary  -142.25 DKK
  Expenses:Food:Groceries  142.25 DKK

2016-06-28 * "VDK USD 7,00" "Online services & software" #spiir
  spiir-id: "636225015934675032"
  Assets:Checking:Primary  -48.01 DKK
  Expenses:Subscriptions:Software  48.01 DKK

2016-06-29 * "Lønoverførsel" "Løn" #spiir
  spiir-id: "636225015934675033"
  Assets:Checking:Primary  22650.33 DKK
  Income:Salary  -22650.33 DKK

2016-06-30 * "Husleje" "" #spiir
  spiir-id: "636225015934675034"
  Assets:Checking:Primary  -4595.00 DKK
  Expenses:Uncategorized  4595.00 DKK

2016-06-30 * "Rente" "Udlånsrenter" #spiir
  spiir-id: "636225015934675035"
  Assets:Checking:Primary  -29.53 DKK
  Expenses:Loans:Interest  29.53 DKK

2016-06-30 * "Gebyrer i alt" "Bankgebyrer" #spiir
  spiir-id: "636225015934675036"
  Assets:Checking:Primary  -30.00 DKK
  Expenses:Bank:Fees  30.00 DKK

2016-06-30 * "Gebyr - PATRICK OG SIGNE POULSEN" "Bankgebyrer" #spiir
  spiir-id: "636225015934675037"
  Assets:Checking:Primary  -30.00 DKK
  Expenses:Bank:Fees  30.00 DKK

2016-07-01 * "EL" "" #spiir
  spiir-id: "636225015934675038"
  Assets:Checking:Primary  -367.00 DKK
  Expenses:Uncategorized  367.00 DKK

2016-07-01 * "Madbudget" "" #spiir
  spiir-id: "636225015934675039"
  Assets:Checking:Primary  -2000.00 DKK
  Expenses:Uncategorized  2000.00 DKK

2016-07-01 * "Opsparing" "" #spiir
  spiir-id: "636225015934675040"
  Assets:Checking:Primary  -7000.00 DKK
  Expenses:Uncategorized  7000.00 DKK

2016-07-01 * "Far" "Gaver & velgørenhed" #spiir
  spiir-id: "636225015934675041"
  Assets:Checking:Primary  -1000.00 DKK
  Expenses:Gifts  1000.00 DKK

2016-07-01 * "3 (hi3g Denmark Aps)" "Telefoni & internet" #spiir
  spiir-id: "636225015934675042"
  Assets:Checking:Primary  -506.25 DKK
  Expenses:Subscriptions:Telecom  506.25 DKK

2016-07-01 * "Akademikernes A-Kasse" "Fagforening & a-kasse" #spiir
  spiir-id: "636225015934675043"
  Assets:Checking:Primary  -1281.00 DKK
  Expenses:Insurance:Union  1281.00 DKK

2016-07-01 * "Fiol Optik" "Briller & kontaktlinser" #spiir
  spiir-id: "636225015934675044"
  Assets:Checking:Primary  -660.00 DKK
  Expenses:Health:Vision  660.00 DKK

2016-07-01 * "Dbkk" "Sport & fritid" #spiir
  spiir-id: "636225015934675045"
  Assets:Checking:Primary  -359.00 DKK
  Expenses:Entertainment:Sports  359.00 DKK

2016-07-01 * "Gebyrer i alt" "Bankgebyrer" #spiir
  spiir-id: "636225015934675046"
  Assets:Checking:Primary  -5.00 DKK
  Expenses:Bank:Fees  5.00 DKK

2016-07-07 * "Madkonto" "" #spiir
  spiir-id: "636225015934675047"
  Assets:Checking:Primary  -1112.00 DKK
  Expenses:Uncategorized  1112.00 DKK

2016-07-08 * "Overførsel" "Anden indkomst" #spiir
  spiir-id: "636225015934675048"
  Assets:Checking:Primary  764.00 DKK
  Income:Other  -764.00 DKK

2016-07-08 * "Statens Administration S" "Studielån" #spiir
  spiir-id: "636225015934675049"
  Assets:Checking:Primary  -205.00 DKK
  Expenses:Loans:Student  205.00 DKK

2016-07-08 * "DSB Bernstorff Aut" "Bus, tog, færge o.l." #spiir
  spiir-id: "636225015934675050"
  Assets:Checking:Primary  -36.00 DKK
  Expenses:Transport:Public  36.00 DKK

2016-07-09 * "CAFE ALMA" "Bar, cafe & restaurant" #spiir
  spiir-id: "636225015934675051"
  Assets:Checking:Primary  -484.00 DKK
  Expenses:Food:Restaurant  484.00 DKK

2016-07-10 * "Dansk Bjergklub" "Sport & fritid" #spiir
  spiir-id: "636225015934675052"
  Assets:Checking:Primary  -45.00 DKK
  Expenses:Entertainment:Sports  45.00 DKK

2016-07-11 * "Mobilbillet" "Bus, tog, færge o.l." #spiir
  spiir-id: "636225015934675053"
  Assets:Checking:Primary  -150.00 DKK
  Expenses:Transport:Public  150.00 DKK

2016-07-13 * "VDK EUR 19,99" "Ukendt" #spiir
  spiir-id: "636225015934675054"
  Assets:Checking:Primary  -150.26 DKK
  Expenses:Other  150.26 DKK

2016-07-13 * "Street Food Suppli" "Bar, cafe & restaurant" #spiir
  spiir-id: "636225015934675055"
  Assets:Checking:Primary  -70.00 DKK
  Expenses:Food:Restaurant  70.00 DKK

2016-07-14 * "MobilePay: Jørn Schou-Rode" "Biograf, koncerter & forlystelser" #spiir
  spiir-id: "636225015934675056"
  Assets:Checking:Primary  982.00 DKK
  Expenses:Entertainment:Events  -982.00 DKK

2016-07-14 * "Billetlugen" "Biograf, koncerter & forlystelser" #spiir
  spiir-id: "636225015934675057"
  Assets:Checking:Primary  -1471.74 DKK
  Expenses:Entertainment:Events  1471.74 DKK

2016-07-15 * "VDK DKK 170,00" "Ukendt" #spiir
  spiir-id: "636225015934675058"
  Assets:Checking:Primary  -170.00 DKK
  Expenses:Other  170.00 DKK

2016-07-15 * "Banksia ApS" "Bar, cafe & restaurant" #spiir
  spiir-id: "636225015934675059"
  Assets:Checking:Primary  -305.00 DKK
  Expenses:Food:Restaurant  305.00 DKK

2016-07-15 * "The Bird and The C" "Bar, cafe & restaurant" #spiir
  spiir-id: "636225015934675062"
  Assets:Checking:Primary  -125.00 DKK
  Expenses:Food:Restaurant  125.00 DKK

2016-07-15 * "The Bird and The C" "Bar, cafe & restaurant" #spiir
  spiir-id: "636225015934675063"
  Assets:Checking:Primary  -90.00 DKK
  Expenses:Food:Restaurant  90.00 DKK

2016-07-16 * "MobilePay: Orion Madsen" "Gaver & velgørenhed" #spiir
  spiir-id: "636225015934675060"
  Assets:Checking:Primary  70.00 DKK
  Expenses:Gifts  -70.00 DKK

2016-07-16 * "Thai Supermarket A" "Dagligvarer" #spiir
  spiir-id: "636225015934675064"
  Assets:Checking:Primary  -228.00 DKK
  Expenses:Food:Groceries  228.00 DKK

2016-07-16 * "Fisketorvet Føtex" "Dagligvarer" #spiir
  spiir-id: "636225015934675065"
  Assets:Checking:Primary  -127.30 DKK
  Expenses:Food:Groceries  127.30 DKK

2016-07-16 * "GameStop" "Spil & legetøj" #spiir
  spiir-id: "636225015934675066"
  Assets:Checking:Primary  -599.00 DKK
  Expenses:Kids:Toys  599.00 DKK

2016-07-16 * "MobilePay" "Ukendt" #spiir
  spiir-id: "636225015934675067"
  Assets:Checking:Primary  -50.00 DKK
  Expenses:Other  50.00 DKK

2016-07-16 * "CAFE ALMA" "Bar, cafe & restaurant" #spiir
  spiir-id: "636225015934675068"
  Assets:Checking:Primary  -35.00 DKK
  Expenses:Food:Restaurant  35.00 DKK

2016-07-16 * "MobilePay" "Ukendt" #spiir
  spiir-id: "636225015934675069"
  Assets:Checking:Primary  -42.00 DKK
  Expenses:Other  42.00 DKK

2016-07-17 * "AirBnB" "Fly & Hotel" #spiir
  spiir-id: "636225015934675061"
  Assets:Checking:Primary  -764.00 DKK
  Expenses:Travel:Transport  764.00 DKK

2016-07-17 * "Fakta" "Dagligvarer" #spiir
  spiir-id: "636225015934675070"
  Assets:Checking:Primary  -37.35 DKK
  Expenses:Food:Groceries  37.35 DKK

2016-07-17 * "Dansk Bjergklub" "Sport & fritid" #spiir
  spiir-id: "636225015934675071"
  Assets:Checking:Primary  -20.00 DKK
  Expenses:Entertainment:Sports  20.00 DKK

2016-07-19 * "MobilePay Frisør Hans" "Frisør & personlig pleje" #spiir
  spiir-id: "636225015934675072"
  Assets:Checking:Primary  -180.00 DKK
  Expenses:Shopping:Personal-Care  180.00 DKK

2016-07-20 * "Dansk Bjergklub" "Sport & fritid" #spiir
  spiir-id: "636225015934675073"
  Assets:Checking:Primary  -20.00 DKK
  Expenses:Entertainment:Sports  20.00 DKK

2016-07-20 * "Dansk Bjergklub" "Sport & fritid" #spiir
  spiir-id: "636225015934675074"
  Assets:Checking:Primary  -20.00 DKK
  Expenses:Entertainment:Sports  20.00 DKK

2016-07-20 * "LIDL" "Dagligvarer" #spiir
  spiir-id: "636225015934675075"
  Assets:Checking:Primary  -74.25 DKK
  Expenses:Food:Groceries  74.25 DKK

2016-07-21 * "VDK DKK 99,00" "Film, musik & læsestof" #spiir
  spiir-id: "636225015934675076"
  Assets:Checking:Primary  -99.00 DKK
  Expenses:Entertainment:Media  99.00 DKK

2016-07-21 * "7-Eleven B 066" "Kiosk, bager & specialbutikker" #spiir
  spiir-id: "636225015934675077"
  Assets:Checking:Primary  -9.95 DKK
  Expenses:Food:Kiosk  9.95 DKK

2016-07-21 * "Cock's & Cows" "Bar, cafe & restaurant" #spiir
  spiir-id: "636225015934675078"
  Assets:Checking:Primary  -210.00 DKK
  Expenses:Food:Restaurant  210.00 DKK

2016-07-21 * "MobilePay Orion Madsen" "Gaver & velgørenhed" #spiir
  spiir-id: "636225015934675079"
  Assets:Checking:Primary  -220.00 DKK
  Expenses:Gifts  220.00 DKK

2016-07-21 * "TOYO SUSHI ApS" "Bar, cafe & restaurant" #spiir
  spiir-id: "636225015934675080"
  Assets:Checking:Primary  -285.00 DKK
  Expenses:Food:Restaurant  285.00 DKK

2016-07-22 * "ILLUM" "Tøj, sko & accessories" #spiir
  spiir-id: "636225015934675081"
  Assets:Checking:Primary  -295.00 DKK
  Expenses:Shopping:Clothing  295.00 DKK

2016-07-26 * "TRUSTPILOT A/S" "Ferieaktiviteter" #spiir
  spiir-id: "636225015934675082"
  Assets:Checking:Primary  1931.63 DKK
  Expenses:Travel:Activities  -1931.63 DKK

2016-07-26 * "FRILUFTSLAND A/S" "Gaver & velgørenhed" #spiir
  spiir-id: "636225015934675083"
  Assets:Checking:Primary  -3308.40 DKK
  Expenses:Gifts  3308.40 DKK

2016-07-26 * "Mor overførsler" "" #spiir
  spiir-id: "636225015934675221"
  Assets:Checking:Primary  3200.00 DKK
  Expenses:Uncategorized  -3200.00 DKK

2016-07-27 * "FJELD & FRITID" "Hobby & sportsudstyr" #spiir
  spiir-id: "636225015934675084"
  Assets:Checking:Primary  -948.00 DKK
  Expenses:Shopping:Sports  948.00 DKK

2016-07-27 * "MobilePay føtex - Kalvebod brygge, København V" "Dagligvarer" #spiir
  spiir-id: "636225015934675085"
  Assets:Checking:Primary  -277.80 DKK
  Expenses:Food:Groceries  277.80 DKK

2016-07-28 * "FJELD & FRITID" "Hobby & sportsudstyr" #spiir
  spiir-id: "636225015934675086"
  Assets:Checking:Primary  -254.00 DKK
  Expenses:Shopping:Sports  254.00 DKK

2016-07-28 * "REMA 1000 Hammeric" "Dagligvarer" #spiir
  spiir-id: "636225015934675087"
  Assets:Checking:Primary  -82.75 DKK
  Expenses:Food:Groceries  82.75 DKK

2016-07-28 * "Lønoverførsel" "Løn" #spiir
  spiir-id: "636225015934675088"
  Assets:Checking:Primary  22650.33 DKK
  Income:Salary  -22650.33 DKK

2016-07-29 * "Automatudbetaling 2105-4980" "Ukendt" #spiir
  spiir-id: "636225015934675089"
  Assets:Checking:Primary  -200.00 DKK
  Expenses:Other  200.00 DKK

2016-07-29 * "VDK SEK 2560,00" "Ferieaktiviteter" #spiir
  spiir-id: "636225015934675090"
  Assets:Checking:Primary  -2026.33 DKK
  Expenses:Travel:Activities  2026.33 DKK

2016-07-29 * "Husleje" "" #spiir
  spiir-id: "636225015934675091"
  Assets:Checking:Primary  -4595.00 DKK
  Expenses:Uncategorized  4595.00 DKK

2016-07-29 * "Zoffmann" "Briller & kontaktlinser" #spiir
  spiir-id: "636225015934675092"
  Assets:Checking:Primary  -2980.00 DKK
  Expenses:Health:Vision  2980.00 DKK

2016-07-29 * "Gebyrer i alt" "Bankgebyrer" #spiir
  spiir-id: "636225015934675093"
  Assets:Checking:Primary  -8.00 DKK
  Expenses:Bank:Fees  8.00 DKK

2016-07-30 * "Tryg" "Indbo- & familieforsikring" #spiir
  spiir-id: "636225015934675094"
  Assets:Checking:Primary  -123.27 DKK
  Expenses:House:Contents-Insurance  123.27 DKK

2016-07-30 * "Tryg" "Indbo- & familieforsikring" #spiir
  spiir-id: "636225015934675095"
  Assets:Checking:Primary  -185.95 DKK
  Expenses:House:Contents-Insurance  185.95 DKK

2016-07-30 * "3 (hi3g Denmark Aps)" "Telefoni & internet" #spiir
  spiir-id: "636225015934675096"
  Assets:Checking:Primary  -756.25 DKK
  Expenses:Subscriptions:Telecom  756.25 DKK

2016-07-30 * "Fiol Optik" "Briller & kontaktlinser" #spiir
  spiir-id: "636225015934675097"
  Assets:Checking:Primary  -330.00 DKK
  Expenses:Health:Vision  330.00 DKK

2016-07-30 * "Dbkk" "Sport & fritid" #spiir
  spiir-id: "636225015934675098"
  Assets:Checking:Primary  -359.00 DKK
  Expenses:Entertainment:Sports  359.00 DKK

2016-07-30 * "JUST EAT.DK ApS" "Fastfood & takeaway" #spiir
  spiir-id: "636225015934675099"
  Assets:Checking:Primary  -159.39 DKK
  Expenses:Food:Takeaway  159.39 DKK

2016-08-01 * "EL" "" #spiir
  spiir-id: "636225015934675100"
  Assets:Checking:Primary  -367.00 DKK
  Expenses:Uncategorized  367.00 DKK

2016-08-01 * "Madbudget" "" #spiir
  spiir-id: "636225015934675101"
  Assets:Checking:Primary  -2000.00 DKK
  Expenses:Uncategorized  2000.00 DKK

2016-08-01 * "Opsparing" "" #spiir
  spiir-id: "636225015934675102"
  Assets:Checking:Primary  -7000.00 DKK
  Expenses:Uncategorized  7000.00 DKK

2016-08-01 * "Far" "Gaver & velgørenhed" #spiir
  spiir-id: "636225015934675103"
  Assets:Checking:Primary  -1000.00 DKK
  Expenses:Gifts  1000.00 DKK

2016-08-01 * "Gebyrer i alt" "Bankgebyrer" #spiir
  spiir-id: "636225015934675104"
  Assets:Checking:Primary  -5.00 DKK
  Expenses:Bank:Fees  5.00 DKK

2016-08-02 * "VDK NOK 20,00" "Ferieaktiviteter" #spiir
  spiir-id: "636225015934675105"
  Assets:Checking:Primary  -15.90 DKK
  Expenses:Travel:Activities  15.90 DKK

2016-08-02 * "VDK NOK 850,00" "Ferieaktiviteter" #spiir
  spiir-id: "636225015934675106"
  Assets:Checking:Primary  -675.56 DKK
  Expenses:Travel:Activities  675.56 DKK

2016-08-02 * "VDK NOK 20,00" "Ferieaktiviteter" #spiir
  spiir-id: "636225015934675107"
  Assets:Checking:Primary  -15.90 DKK
  Expenses:Travel:Activities  15.90 DKK

2016-08-02 * "VDK NOK 35,00" "Ferieaktiviteter" #spiir
  spiir-id: "636225015934675108"
  Assets:Checking:Primary  -27.82 DKK
  Expenses:Travel:Activities  27.82 DKK

2016-08-02 * "VDK NOK 20,00" "Ferieaktiviteter" #spiir
  spiir-id: "636225015934675109"
  Assets:Checking:Primary  -15.90 DKK
  Expenses:Travel:Activities  15.90 DKK

2016-08-02 * "VDK NOK 10,00" "Ferieaktiviteter" #spiir
  spiir-id: "636225015934675110"
  Assets:Checking:Primary  -7.95 DKK
  Expenses:Travel:Activities  7.95 DKK

2016-08-02 * "VDK NOK 732,00" "Ferieaktiviteter" #spiir
  spiir-id: "636225015934675111"
  Assets:Checking:Primary  -581.77 DKK
  Expenses:Travel:Activities  581.77 DKK

2016-08-02 * "VDK NOK 1210,00" "Ferieaktiviteter" #spiir
  spiir-id: "636225015934675112"
  Assets:Checking:Primary  -961.68 DKK
  Expenses:Travel:Activities  961.68 DKK

2016-08-03 * "VDK NOK 60,00" "Ferieaktiviteter" #spiir
  spiir-id: "636225015934675113"
  Assets:Checking:Primary  -47.93 DKK
  Expenses:Travel:Activities  47.93 DKK

2016-08-03 * "VDK NOK 78,00" "Ferieaktiviteter" #spiir
  spiir-id: "636225015934675114"
  Assets:Checking:Primary  -62.32 DKK
  Expenses:Travel:Activities  62.32 DKK

2016-08-03 * "VDK NOK 250,00" "Ferieaktiviteter" #spiir
  spiir-id: "636225015934675115"
  Assets:Checking:Primary  -199.75 DKK
  Expenses:Travel:Activities  199.75 DKK

2016-08-03 * "VDK GBP 45,00" "Ferieaktiviteter" #spiir
  spiir-id: "636225015934675116"
  Assets:Checking:Primary  398.33 DKK
  Expenses:Travel:Activities  -398.33 DKK

2016-08-05 * "VDK SEK 24,00" "Ferieaktiviteter" #spiir
  spiir-id: "636225015934675117"
  Assets:Checking:Primary  -18.96 DKK
  Expenses:Travel:Activities  18.96 DKK

2016-08-05 * "VDK SEK 54,00" "Ferieaktiviteter" #spiir
  spiir-id: "636225015934675118"
  Assets:Checking:Primary  -42.66 DKK
  Expenses:Travel:Activities  42.66 DKK

2016-08-05 * "Ingeniørforeningen" "Fagforening & a-kasse" #spiir
  spiir-id: "636225015934675119"
  Assets:Checking:Primary  -878.25 DKK
  Expenses:Insurance:Union  878.25 DKK

2016-08-05 * "CAFE ALMA" "Bar, cafe & restaurant" #spiir
  spiir-id: "636225015934675120"
  Assets:Checking:Primary  -35.00 DKK
  Expenses:Food:Restaurant  35.00 DKK

2016-08-06 * "VDK NOK 330,00" "Ferieaktiviteter" #spiir
  spiir-id: "636225015934675121"
  Assets:Checking:Primary  -263.50 DKK
  Expenses:Travel:Activities  263.50 DKK

2016-08-06 * "VDK NOK 178,00" "Ferieaktiviteter" #spiir
  spiir-id: "636225015934675122"
  Assets:Checking:Primary  -142.13 DKK
  Expenses:Travel:Activities  142.13 DKK

2016-08-06 * "VDK NOK 60,00" "Ferieaktiviteter" #spiir
  spiir-id: "636225015934675123"
  Assets:Checking:Primary  -47.90 DKK
  Expenses:Travel:Activities  47.90 DKK

2016-08-06 * "Wulff & Konstali F" "Bar, cafe & restaurant" #spiir
  spiir-id: "636225015934675124"
  Assets:Checking:Primary  -133.00 DKK
  Expenses:Food:Restaurant  133.00 DKK

2016-08-06 * "JUST EAT.DK ApS" "Fastfood & takeaway" #spiir
  spiir-id: "636225015934675125"
  Assets:Checking:Primary  -80.10 DKK
  Expenses:Food:Takeaway  80.10 DKK

2016-08-06 * "CINEMAXX FISKETORV" "Biograf, koncerter & forlystelser" #spiir
  spiir-id: "636225015934675126"
  Assets:Checking:Primary  -195.00 DKK
  Expenses:Entertainment:Events  195.00 DKK

2016-08-06 * "Kiosk Bien" "Kiosk, bager & specialbutikker" #spiir
  spiir-id: "636225015934675127"
  Assets:Checking:Primary  -34.00 DKK
  Expenses:Food:Kiosk  34.00 DKK

2016-08-07 * "Copenhagen boulder" "Sport & fritid" #spiir
  spiir-id: "636225015934675128"
  Assets:Checking:Primary  -90.00 DKK
  Expenses:Entertainment:Sports  90.00 DKK

2016-08-07 * "Copenhagen boulder" "Sport & fritid" #spiir
  spiir-id: "636225015934675129"
  Assets:Checking:Primary  -17.00 DKK
  Expenses:Entertainment:Sports  17.00 DKK

2016-08-07 * "Copenhagen boulder" "Sport & fritid" #spiir
  spiir-id: "636225015934675130"
  Assets:Checking:Primary  -77.00 DKK
  Expenses:Entertainment:Sports  77.00 DKK

2016-08-07 * "JUST EAT.DK ApS" "Fastfood & takeaway" #spiir
  spiir-id: "636225015934675131"
  Assets:Checking:Primary  -231.39 DKK
  Expenses:Food:Takeaway  231.39 DKK

2016-08-08 * "SuperB Islands B" "Dagligvarer" #spiir
  spiir-id: "636225015934675132"
  Assets:Checking:Primary  -125.45 DKK
  Expenses:Food:Groceries  125.45 DKK

2016-08-09 * "VDK NOK 98,00" "Ferieaktiviteter" #spiir
  spiir-id: "636225015934675133"
  Assets:Checking:Primary  -78.48 DKK
  Expenses:Travel:Activities  78.48 DKK

2016-08-09 * "VDK NOK 420,00" "Ferieaktiviteter" #spiir
  spiir-id: "636225015934675134"
  Assets:Checking:Primary  -336.32 DKK
  Expenses:Travel:Activities  336.32 DKK

2016-08-09 * "VDK NOK 24,00" "Ferieaktiviteter" #spiir
  spiir-id: "636225015934675135"
  Assets:Checking:Primary  -19.22 DKK
  Expenses:Travel:Activities  19.22 DKK

2016-08-09 * "VDK USD 17,19" "Film, musik & læsestof" #spiir
  spiir-id: "636225015934675136"
  Assets:Checking:Primary  -117.11 DKK
  Expenses:Entertainment:Media  117.11 DKK

2016-08-09 * "VDK NOK 250,00" "Ferieaktiviteter" #spiir
  spiir-id: "636225015934675137"
  Assets:Checking:Primary  -200.19 DKK
  Expenses:Travel:Activities  200.19 DKK

2016-08-09 * "VDK NOK 130,00" "Ferieaktiviteter" #spiir
  spiir-id: "636225015934675138"
  Assets:Checking:Primary  -104.10 DKK
  Expenses:Travel:Activities  104.10 DKK

2016-08-09 * "VDK NOK 600,00" "Ferieaktiviteter" #spiir
  spiir-id: "636225015934675139"
  Assets:Checking:Primary  -480.46 DKK
  Expenses:Travel:Activities  480.46 DKK

2016-08-09 * "VDK NOK 20,00" "Ferieaktiviteter" #spiir
  spiir-id: "636225015934675140"
  Assets:Checking:Primary  -16.02 DKK
  Expenses:Travel:Activities  16.02 DKK

2016-08-10 * "VDK DKK 149,00" "Ferieaktiviteter" #spiir
  spiir-id: "636225015934675141"
  Assets:Checking:Primary  -149.00 DKK
  Expenses:Travel:Activities  149.00 DKK

2016-08-10 * "Netto Havnestaden" "Dagligvarer" #spiir
  spiir-id: "636225015934675142"
  Assets:Checking:Primary  -19.95 DKK
  Expenses:Food:Groceries  19.95 DKK

2016-08-10 * "MobilePay Orion Madsen" "Bus, tog, færge o.l." #spiir
  spiir-id: "636225015934675143"
  Assets:Checking:Primary  -280.00 DKK
  Expenses:Transport:Public  280.00 DKK

2016-08-11 * "VDK DKK 64,00" "Film, musik & læsestof" #spiir
  spiir-id: "636225015934675144"
  Assets:Checking:Primary  -64.00 DKK
  Expenses:Entertainment:Media  64.00 DKK

2016-08-11 * "VDK USD 7,00" "Online services & software" #spiir
  spiir-id: "636225015934675145"
  Assets:Checking:Primary  -47.73 DKK
  Expenses:Subscriptions:Software  47.73 DKK

2016-08-12 * "VDK DKK 197,72" "Bar, cafe & restaurant" #spiir
  spiir-id: "636225015934675146"
  Assets:Checking:Primary  -197.72 DKK
  Expenses:Food:Restaurant  197.72 DKK

2016-08-12 * "MobilePay Martin Andersen" "Gaver & velgørenhed" #spiir
  spiir-id: "636225015934675147"
  Assets:Checking:Primary  -150.00 DKK
  Expenses:Gifts  150.00 DKK

2016-08-12 * "REMA 1000 Amagerbr" "Dagligvarer" #spiir
  spiir-id: "636225015934675148"
  Assets:Checking:Primary  -22.50 DKK
  Expenses:Food:Groceries  22.50 DKK

2016-08-13 * "Overførsel" "" #spiir
  spiir-id: "636225015934675149"
  Assets:Checking:Primary  -1000.00 DKK
  Expenses:Uncategorized  1000.00 DKK

2016-08-13 * "Dansk Bjergklub" "Sport & fritid" #spiir
  spiir-id: "636225015934675153"
  Assets:Checking:Primary  -10.00 DKK
  Expenses:Entertainment:Sports  10.00 DKK

2016-08-13 * "Aristo" "Bar, cafe & restaurant" #spiir
  spiir-id: "636225015934675154"
  Assets:Checking:Primary  -90.00 DKK
  Expenses:Food:Restaurant  90.00 DKK

2016-08-14 * "MobilePay Kalles Kaffe" "Bar, cafe & restaurant" #spiir
  spiir-id: "636225015934675150"
  Assets:Checking:Primary  -25.00 DKK
  Expenses:Food:Restaurant  25.00 DKK

2016-08-14 * "MobilePay Kødbyens Mad & Marked - Aarhus" "Bar, cafe & restaurant" #spiir
  spiir-id: "636225015934675151"
  Assets:Checking:Primary  -35.00 DKK
  Expenses:Food:Restaurant  35.00 DKK

2016-08-14 * "MobilePay Kødbyens Mad & Marked - Aarhus" "Bar, cafe & restaurant" #spiir
  spiir-id: "636225015934675152"
  Assets:Checking:Primary  -105.00 DKK
  Expenses:Food:Restaurant  105.00 DKK

2016-08-16 * "VDK DKK 85,00" "Ferieaktiviteter" #spiir
  spiir-id: "636225015934675155"
  Assets:Checking:Primary  -85.00 DKK
  Expenses:Travel:Activities  85.00 DKK

2016-08-16 * "VDK DKK 99,00" "Film, musik & læsestof" #spiir
  spiir-id: "636225015934675156"
  Assets:Checking:Primary  -99.00 DKK
  Expenses:Entertainment:Media  99.00 DKK

2016-08-16 * "VDK USD 17,19" "Film, musik & læsestof" #spiir
  spiir-id: "636225015934675157"
  Assets:Checking:Primary  -116.60 DKK
  Expenses:Entertainment:Media  116.60 DKK

2016-08-17 * "døp - den økologis" "Fastfood & takeaway" #spiir
  spiir-id: "636225015934675158"
  Assets:Checking:Primary  -40.00 DKK
  Expenses:Food:Takeaway  40.00 DKK

2016-08-17 * "TIVOLI Salgskiosk" "Biograf, koncerter & forlystelser" #spiir
  spiir-id: "636225015934675159"
  Assets:Checking:Primary  -110.00 DKK
  Expenses:Entertainment:Events  110.00 DKK

2016-08-17 * "Grøften Tivoli" "Bar, cafe & restaurant" #spiir
  spiir-id: "636225015934675160"
  Assets:Checking:Primary  -243.00 DKK
  Expenses:Food:Restaurant  243.00 DKK

2016-08-17 * "Tivoli Indgange" "Biograf, koncerter & forlystelser" #spiir
  spiir-id: "636225015934675161"
  Assets:Checking:Primary  -50.00 DKK
  Expenses:Entertainment:Events  50.00 DKK

2016-08-17 * "TIVOLI Salgskiosk" "Biograf, koncerter & forlystelser" #spiir
  spiir-id: "636225015934675162"
  Assets:Checking:Primary  -75.00 DKK
  Expenses:Entertainment:Events  75.00 DKK

2016-08-17 * "TIVOLI Salgskiosk" "Biograf, koncerter & forlystelser" #spiir
  spiir-id: "636225015934675163"
  Assets:Checking:Primary  -50.00 DKK
  Expenses:Entertainment:Events  50.00 DKK

2016-08-18 * "VDK DKK 25,82" "Ferieaktiviteter" #spiir
  spiir-id: "636225015934675164"
  Assets:Checking:Primary  -25.82 DKK
  Expenses:Travel:Activities  25.82 DKK

2016-08-18 * "VDK DKK 25,82" "Ferieaktiviteter" #spiir
  spiir-id: "636225015934675165"
  Assets:Checking:Primary  -25.82 DKK
  Expenses:Travel:Activities  25.82 DKK

2016-08-18 * "7-Eleven B 32" "Kiosk, bager & specialbutikker" #spiir
  spiir-id: "636225015934675166"
  Assets:Checking:Primary  -23.50 DKK
  Expenses:Food:Kiosk  23.50 DKK

2016-08-18 * "Vesterbro Bryghus" "Bar, cafe & restaurant" #spiir
  spiir-id: "636225015934675167"
  Assets:Checking:Primary  -35.00 DKK
  Expenses:Food:Restaurant  35.00 DKK

2016-08-21 * "Cortado v/Khalid Q" "Bar, cafe & restaurant" #spiir
  spiir-id: "636225015934675168"
  Assets:Checking:Primary  -25.00 DKK
  Expenses:Food:Restaurant  25.00 DKK

2016-08-21 * "Dansk Bjergklub" "Sport & fritid" #spiir
  spiir-id: "636225015934675169"
  Assets:Checking:Primary  -20.00 DKK
  Expenses:Entertainment:Sports  20.00 DKK

2016-08-22 * "coolshop.dk" "Spil & legetøj" #spiir
  spiir-id: "636225015934675170"
  Assets:Checking:Primary  -449.00 DKK
  Expenses:Kids:Toys  449.00 DKK

2016-08-24 * "Islands Brygge Wok" "Fastfood & takeaway" #spiir
  spiir-id: "636225015934675171"
  Assets:Checking:Primary  -85.00 DKK
  Expenses:Food:Takeaway  85.00 DKK

2016-08-24 * "Islands Brygge Wok" "Fastfood & takeaway" #spiir
  spiir-id: "636225015934675172"
  Assets:Checking:Primary  -10.00 DKK
  Expenses:Food:Takeaway  10.00 DKK

2016-08-27 * "JUST EAT.DK ApS" "Fastfood & takeaway" #spiir
  spiir-id: "636225015934675173"
  Assets:Checking:Primary  -159.39 DKK
  Expenses:Food:Takeaway  159.39 DKK

2016-08-28 * "BEYTI ApS" "Fastfood & takeaway" #spiir
  spiir-id: "636225015934675174"
  Assets:Checking:Primary  -100.00 DKK
  Expenses:Food:Takeaway  100.00 DKK

2016-08-29 * "Signe Poulsen" "Kontooverførsel" #spiir
  spiir-id: "636225015934675175"
  Assets:Checking:Primary  2761.00 DKK
  Assets:Transfer  -2761.00 DKK

2016-08-29 * "MobilePay Kasper Jessen" "Ferieaktiviteter" #spiir
  spiir-id: "636225015934675176"
  Assets:Checking:Primary  -750.00 DKK
  Expenses:Travel:Activities  750.00 DKK

2016-08-30 * "MobilePay Jakob Tolstrup Bech" "Tobak & alkohol" #spiir
  spiir-id: "636225015934675177"
  Assets:Checking:Primary  -200.00 DKK
  Expenses:Food:Alcohol  200.00 DKK

2016-08-30 * "CAFE ALMA" "Bar, cafe & restaurant" #spiir
  spiir-id: "636225015934675178"
  Assets:Checking:Primary  -35.00 DKK
  Expenses:Food:Restaurant  35.00 DKK

2016-08-30 * "Wulff & Konstali F" "Bar, cafe & restaurant" #spiir
  spiir-id: "636225015934675179"
  Assets:Checking:Primary  -33.00 DKK
  Expenses:Food:Restaurant  33.00 DKK

2016-08-30 * "Lønoverførsel" "Løn" #spiir
  spiir-id: "636225015934675180"
  Assets:Checking:Primary  22650.33 DKK
  Income:Salary  -22650.33 DKK

2016-08-31 * "Husleje" "Kontooverførsel" #spiir
  spiir-id: "636225015934675181"
  Assets:Checking:Primary  -4595.00 DKK
  Assets:Transfer  4595.00 DKK

2016-09-01 * "Dansk Bjergklub" "Sport & fritid" #spiir
  spiir-id: "636225015934675182"
  Assets:Checking:Primary  -52.00 DKK
  Expenses:Entertainment:Sports  52.00 DKK

2016-09-01 * "EL" "" #spiir
  spiir-id: "636225015934675183"
  Assets:Checking:Primary  -367.00 DKK
  Expenses:Uncategorized  367.00 DKK

2016-09-01 * "Madbudget" "" #spiir
  spiir-id: "636225015934675184"
  Assets:Checking:Primary  -2000.00 DKK
  Expenses:Uncategorized  2000.00 DKK

2016-09-01 * "Opsparing" "" #spiir
  spiir-id: "636225015934675185"
  Assets:Checking:Primary  -7000.00 DKK
  Expenses:Uncategorized  7000.00 DKK

2016-09-01 * "Far" "Gaver & velgørenhed" #spiir
  spiir-id: "636225015934675186"
  Assets:Checking:Primary  -1000.00 DKK
  Expenses:Gifts  1000.00 DKK

2016-09-01 * "3 (hi3g Denmark Aps)" "Telefoni & internet" #spiir
  spiir-id: "636225015934675187"
  Assets:Checking:Primary  -496.25 DKK
  Expenses:Subscriptions:Telecom  496.25 DKK

2016-09-01 * "Dbkk" "Sport & fritid" #spiir
  spiir-id: "636225015934675188"
  Assets:Checking:Primary  -359.00 DKK
  Expenses:Entertainment:Sports  359.00 DKK

2016-09-01 * "Gebyrer i alt" "Bankgebyrer" #spiir
  spiir-id: "636225015934675189"
  Assets:Checking:Primary  -5.00 DKK
  Expenses:Bank:Fees  5.00 DKK

2016-09-02 * "KSK Squash" "Sport & fritid" #spiir
  spiir-id: "636225015934675190"
  Assets:Checking:Primary  -230.00 DKK
  Expenses:Entertainment:Sports  230.00 DKK

2016-09-03 * "MobilePay Kalles Kaffe" "Bar, cafe & restaurant" #spiir
  spiir-id: "636225015934675191"
  Assets:Checking:Primary  -65.00 DKK
  Expenses:Food:Restaurant  65.00 DKK

2016-09-03 * "VDK USD 25,00" "Ferieaktiviteter" #spiir
  spiir-id: "636225015934675192"
  Assets:Checking:Primary  -169.73 DKK
  Expenses:Travel:Activities  169.73 DKK

2016-09-03 * "SPORT-MASTER Fiske" "Tøj, sko & accessories" #spiir
  spiir-id: "636225015934675193"
  Assets:Checking:Primary  -499.00 DKK
  Expenses:Shopping:Clothing  499.00 DKK

2016-09-03 * "Copenhagen boulder" "Sport & fritid" #spiir
  spiir-id: "636225015934675194"
  Assets:Checking:Primary  -90.00 DKK
  Expenses:Entertainment:Sports  90.00 DKK

2016-09-03 * "Netto Havnestaden" "Dagligvarer" #spiir
  spiir-id: "636225015934675195"
  Assets:Checking:Primary  -103.85 DKK
  Expenses:Food:Groceries  103.85 DKK

2016-09-03 * "l'animal" "Bar, cafe & restaurant" #spiir
  spiir-id: "636225015934675196"
  Assets:Checking:Primary  -65.00 DKK
  Expenses:Food:Restaurant  65.00 DKK

2016-09-04 * "Copenhagen boulder" "Sport & fritid" #spiir
  spiir-id: "636225015934675197"
  Assets:Checking:Primary  -110.00 DKK
  Expenses:Entertainment:Sports  110.00 DKK

2016-09-05 * "Kaffetårnet" "Bar, cafe & restaurant" #spiir
  spiir-id: "636225015934675198"
  Assets:Checking:Primary  -30.00 DKK
  Expenses:Food:Restaurant  30.00 DKK

2016-09-06 * "MobilePay: Jørn Schou-Rode" "Bar, cafe & restaurant" #spiir
  spiir-id: "636225015934675199"
  Assets:Checking:Primary  54.00 DKK
  Expenses:Food:Restaurant  -54.00 DKK

2016-09-06 * "MobilePay: Christian Probst" "Bar, cafe & restaurant" #spiir
  spiir-id: "636225015934675200"
  Assets:Checking:Primary  54.00 DKK
  Expenses:Food:Restaurant  -54.00 DKK

2016-09-06 * "Falafel-House" "Fastfood & takeaway" #spiir
  spiir-id: "636225015934675201"
  Assets:Checking:Primary  -162.00 DKK
  Expenses:Food:Takeaway  162.00 DKK

2016-09-06 * "MobilePay Frisør Hans" "Frisør & personlig pleje" #spiir
  spiir-id: "636225015934675202"
  Assets:Checking:Primary  -180.00 DKK
  Expenses:Shopping:Personal-Care  180.00 DKK

2016-09-07 * "Hija de Sanchez" "Fastfood & takeaway" #spiir
  spiir-id: "636225015934675203"
  Assets:Checking:Primary  -120.00 DKK
  Expenses:Food:Takeaway  120.00 DKK

2016-09-08 * "Statens Administration S" "Studielån" #spiir
  spiir-id: "636225015934675204"
  Assets:Checking:Primary  -205.00 DKK
  Expenses:Loans:Student  205.00 DKK

2016-09-08 * "MobilePay Kian Zanno Ejlertsen" "Hobby & sportsudstyr" #spiir
  spiir-id: "636225015934675205"
  Assets:Checking:Primary  -350.00 DKK
  Expenses:Shopping:Sports  350.00 DKK

2016-09-09 * "JUST EAT.DK ApS" "Fastfood & takeaway" #spiir
  spiir-id: "636225015934675206"
  Assets:Checking:Primary  -90.10 DKK
  Expenses:Food:Takeaway  90.10 DKK

2016-09-09 * "SuperB Chr.Havns T" "Dagligvarer" #spiir
  spiir-id: "636225015934675207"
  Assets:Checking:Primary  -168.10 DKK
  Expenses:Food:Groceries  168.10 DKK

2016-09-09 * "KIHOSKH A/S" "Kiosk, bager & specialbutikker" #spiir
  spiir-id: "636225015934675208"
  Assets:Checking:Primary  -85.00 DKK
  Expenses:Food:Kiosk  85.00 DKK

2016-09-13 * "VDK USD 7,00" "Online services & software" #spiir
  spiir-id: "636225015934675209"
  Assets:Checking:Primary  -47.08 DKK
  Expenses:Subscriptions:Software  47.08 DKK

2016-09-13 * "VDK SEK 105,00" "Ferieaktiviteter" #spiir
  spiir-id: "636225015934675210"
  Assets:Checking:Primary  -83.22 DKK
  Expenses:Travel:Activities  83.22 DKK

2016-09-13 * "VDK SEK 84,95" "Ferieaktiviteter" #spiir
  spiir-id: "636225015934675211"
  Assets:Checking:Primary  -67.34 DKK
  Expenses:Travel:Activities  67.34 DKK

2016-09-13 * "SCT. PEDER'S BAGER" "Kiosk, bager & specialbutikker" #spiir
  spiir-id: "636225015934675212"
  Assets:Checking:Primary  -99.00 DKK
  Expenses:Food:Kiosk  99.00 DKK

2016-09-14 * "VDK SEK 16,00" "Ferieaktiviteter" #spiir
  spiir-id: "636225015934675213"
  Assets:Checking:Primary  -12.66 DKK
  Expenses:Travel:Activities  12.66 DKK

2016-09-14 * "VDK DKK 99,00" "Film, musik & læsestof" #spiir
  spiir-id: "636225015934675214"
  Assets:Checking:Primary  -99.00 DKK
  Expenses:Entertainment:Media  99.00 DKK

2016-09-14 * "TRYK BAR ApS" "Bar, cafe & restaurant" #spiir
  spiir-id: "636225015934675215"
  Assets:Checking:Primary  -90.00 DKK
  Expenses:Food:Restaurant  90.00 DKK

2016-09-14 * "Netto Landemærket" "Dagligvarer" #spiir
  spiir-id: "636225015934675216"
  Assets:Checking:Primary  -66.75 DKK
  Expenses:Food:Groceries  66.75 DKK

2016-09-14 * "La Perla" "Bar, cafe & restaurant" #spiir
  spiir-id: "636225015934675217"
  Assets:Checking:Primary  -258.00 DKK
  Expenses:Food:Restaurant  258.00 DKK

2016-09-15 * "VDK USD 17,19" "Film, musik & læsestof" #spiir
  spiir-id: "636225015934675218"
  Assets:Checking:Primary  -115.82 DKK
  Expenses:Entertainment:Media  115.82 DKK

2016-09-15 * "FRILUFTSLAND A/S" "Tøj, sko & accessories" #spiir
  spiir-id: "636225015934675219"
  Assets:Checking:Primary  -290.70 DKK
  Expenses:Shopping:Clothing  290.70 DKK

2016-09-16 * "LUNA ROSSA" "Fastfood & takeaway" #spiir
  spiir-id: "636225015934675220"
  Assets:Checking:Primary  -30.00 DKK
  Expenses:Food:Takeaway  30.00 DKK

2016-09-17 * "VDK DKK 711,00" "Hobby & sportsudstyr" #spiir #patagonia #climbing
  spiir-id: "636225015934675223"
  Assets:Checking:Primary  -711.00 DKK
  Expenses:Shopping:Sports  711.00 DKK

2016-09-17 * "Copenhagen boulder" "Sport & fritid" #spiir
  spiir-id: "636225015934675224"
  Assets:Checking:Primary  -20.00 DKK
  Expenses:Entertainment:Sports  20.00 DKK

2016-09-17 * "Cafelykken ApS" "Bar, cafe & restaurant" #spiir
  spiir-id: "636225015934675225"
  Assets:Checking:Primary  -271.00 DKK
  Expenses:Food:Restaurant  271.00 DKK

2016-09-17 * "Fisketorvet Føtex" "Dagligvarer" #spiir
  spiir-id: "636225015934675226"
  Assets:Checking:Primary  -81.90 DKK
  Expenses:Food:Groceries  81.90 DKK

2016-09-18 * "MobilePay WeShare" "Ferieaktiviteter" #spiir
  spiir-id: "636225015934675222"
  Assets:Checking:Primary  -452.75 DKK
  Expenses:Travel:Activities  452.75 DKK

2016-09-19 * "Nordisk Brød" "Kiosk, bager & specialbutikker" #spiir
  spiir-id: "636225015934675227"
  Assets:Checking:Primary  -18.00 DKK
  Expenses:Food:Kiosk  18.00 DKK

2016-09-19 * "Wulff & Konstali F" "Bar, cafe & restaurant" #spiir
  spiir-id: "636225015934675228"
  Assets:Checking:Primary  -38.00 DKK
  Expenses:Food:Restaurant  38.00 DKK

2016-09-19 * "MobilePay: Carlos Filipe Pinto Da Conceicao" "Dagligvarer" #spiir
  spiir-id: "636225015934675229"
  Assets:Checking:Primary  153.00 DKK
  Expenses:Food:Groceries  -153.00 DKK

2016-09-20 * "Overførsel" "Kontooverførsel" #spiir
  spiir-id: "636225015934675230"
  Assets:Checking:Primary  -180.00 DKK
  Assets:Transfer  180.00 DKK

2016-09-21 * "Dansk Bjergklub" "Sport & fritid" #spiir
  spiir-id: "636225015934675231"
  Assets:Checking:Primary  -50.00 DKK
  Expenses:Entertainment:Sports  50.00 DKK

2016-09-21 * "SCT. PEDER'S BAGER" "Kiosk, bager & specialbutikker" #spiir
  spiir-id: "636225015934675232"
  Assets:Checking:Primary  -112.00 DKK
  Expenses:Food:Kiosk  112.00 DKK

2016-09-22 * "Pompei Aps" "Bar, cafe & restaurant" #spiir
  spiir-id: "636225015934675233"
  Assets:Checking:Primary  -192.00 DKK
  Expenses:Food:Restaurant  192.00 DKK

2016-09-22 * "Falafel-House 2012" "Bar, cafe & restaurant" #spiir
  spiir-id: "636225015934675234"
  Assets:Checking:Primary  -79.00 DKK
  Expenses:Food:Restaurant  79.00 DKK

2016-09-23 * "Kaf' bar 9" "Bar, cafe & restaurant" #spiir
  spiir-id: "636225015934675235"
  Assets:Checking:Primary  -40.00 DKK
  Expenses:Food:Restaurant  40.00 DKK

2016-09-24 * "FRILUFTSLAND A/S" "Tøj, sko & accessories" #spiir
  spiir-id: "636225015934675236"
  Assets:Checking:Primary  369.00 DKK
  Expenses:Shopping:Clothing  -369.00 DKK

2016-09-24 * "FRILUFTSLAND A/S" "Tøj, sko & accessories" #spiir
  spiir-id: "636225015934675237"
  Assets:Checking:Primary  -1248.30 DKK
  Expenses:Shopping:Clothing  1248.30 DKK

2016-09-24 * "LêLê" "Bar, cafe & restaurant" #spiir
  spiir-id: "636225015934675238"
  Assets:Checking:Primary  -64.00 DKK
  Expenses:Food:Restaurant  64.00 DKK

2016-09-24 * "FRILUFTSLAND A/S" "Tøj, sko & accessories" #spiir
  spiir-id: "636225015934675239"
  Assets:Checking:Primary  -369.00 DKK
  Expenses:Shopping:Clothing  369.00 DKK

2016-09-24 * "Lauras Bakery Torv" "Kiosk, bager & specialbutikker" #spiir
  spiir-id: "636225015934675240"
  Assets:Checking:Primary  -70.00 DKK
  Expenses:Food:Kiosk  70.00 DKK

2016-09-25 * "Wulff & Konstali F" "Bar, cafe & restaurant" #spiir
  spiir-id: "636225015934675241"
  Assets:Checking:Primary  -62.00 DKK
  Expenses:Food:Restaurant  62.00 DKK

2016-09-26 * "MobilePay Stefano" "Bar, cafe & restaurant" #spiir
  spiir-id: "636225015934675242"
  Assets:Checking:Primary  -23.00 DKK
  Expenses:Food:Restaurant  23.00 DKK

2016-09-27 * "FRILUFTSLAND A/S" "Tøj, sko & accessories" #spiir
  spiir-id: "636225015934675243"
  Assets:Checking:Primary  -592.20 DKK
  Expenses:Shopping:Clothing  592.20 DKK

2016-09-27 * "FJELD & FRITID" "Tøj, sko & accessories" #spiir
  spiir-id: "636225015934675244"
  Assets:Checking:Primary  -163.50 DKK
  Expenses:Shopping:Clothing  163.50 DKK

2016-09-28 * "Dansk Bjergklub" "Sport & fritid" #spiir
  spiir-id: "636225015934675245"
  Assets:Checking:Primary  -25.00 DKK
  Expenses:Entertainment:Sports  25.00 DKK

2016-09-29 * "Kaffetårnet" "Bar, cafe & restaurant" #spiir
  spiir-id: "636225015934675246"
  Assets:Checking:Primary  -30.00 DKK
  Expenses:Food:Restaurant  30.00 DKK

2016-09-29 * "LêLê Street Kitche" "Bar, cafe & restaurant" #spiir
  spiir-id: "636225015934675247"
  Assets:Checking:Primary  -184.00 DKK
  Expenses:Food:Restaurant  184.00 DKK

2016-09-29 * "Lønoverførsel" "Løn" #spiir
  spiir-id: "636225015934675248"
  Assets:Checking:Primary  22650.33 DKK
  Income:Salary  -22650.33 DKK

2016-09-30 * "Husleje" "" #spiir
  spiir-id: "636225015934675249"
  Assets:Checking:Primary  -4595.00 DKK
  Expenses:Uncategorized  4595.00 DKK

2016-09-30 * "Kaffetårnet" "Bar, cafe & restaurant" #spiir
  spiir-id: "636225015934675250"
  Assets:Checking:Primary  -43.00 DKK
  Expenses:Food:Restaurant  43.00 DKK

2016-09-30 * "Gebyrer i alt" "Bankgebyrer" #spiir
  spiir-id: "636225015934675251"
  Assets:Checking:Primary  -30.00 DKK
  Expenses:Bank:Fees  30.00 DKK

2016-09-30 * "Gebyr - PATRICK OG SIGNE POULSEN" "Bankgebyrer" #spiir
  spiir-id: "636225015934675252"
  Assets:Checking:Primary  -30.00 DKK
  Expenses:Bank:Fees  30.00 DKK

2016-09-30 * "Overtræksrente" "Udlånsrenter" #spiir
  spiir-id: "636225015934675253"
  Assets:Checking:Primary  -0.17 DKK
  Expenses:Loans:Interest  0.17 DKK

2016-10-01 * "VDK DKK 89,00" "Film, musik & læsestof" #spiir
  spiir-id: "636225015934675254"
  Assets:Checking:Primary  -89.00 DKK
  Expenses:Entertainment:Media  89.00 DKK

2016-10-01 * "Akademikernes A-Kasse" "Fagforening & a-kasse" #spiir
  spiir-id: "636225015934675255"
  Assets:Checking:Primary  -1281.00 DKK
  Expenses:Insurance:Union  1281.00 DKK

2016-10-01 * "3 (hi3g Denmark Aps)" "Telefoni & internet" #spiir
  spiir-id: "636225015934675256"
  Assets:Checking:Primary  -496.25 DKK
  Expenses:Subscriptions:Telecom  496.25 DKK

2016-10-01 * "Fiol Optik" "Briller & kontaktlinser" #spiir
  spiir-id: "636225015934675257"
  Assets:Checking:Primary  -660.00 DKK
  Expenses:Health:Vision  660.00 DKK

2016-10-01 * "Dbkk" "Sport & fritid" #spiir
  spiir-id: "636225015934675258"
  Assets:Checking:Primary  -359.00 DKK
  Expenses:Entertainment:Sports  359.00 DKK

2016-10-03 * "EL" "" #spiir
  spiir-id: "636225015934675259"
  Assets:Checking:Primary  -367.00 DKK
  Expenses:Uncategorized  367.00 DKK

2016-10-03 * "Madbudget" "" #spiir
  spiir-id: "636225015934675260"
  Assets:Checking:Primary  -2000.00 DKK
  Expenses:Uncategorized  2000.00 DKK

2016-10-03 * "Opsparing" "" #spiir
  spiir-id: "636225015934675261"
  Assets:Checking:Primary  -7000.00 DKK
  Expenses:Uncategorized  7000.00 DKK

2016-10-03 * "Far" "Gaver & velgørenhed" #spiir
  spiir-id: "636225015934675262"
  Assets:Checking:Primary  -1000.00 DKK
  Expenses:Gifts  1000.00 DKK

2016-10-03 * "Kaffeslabberasen" "Bar, cafe & restaurant" #spiir
  spiir-id: "636225015934675263"
  Assets:Checking:Primary  -60.00 DKK
  Expenses:Food:Restaurant  60.00 DKK

2016-10-03 * "CHRISTIANSHAVNS AP" "Apotek & medicin" #spiir
  spiir-id: "636225015934675264"
  Assets:Checking:Primary  -81.95 DKK
  Expenses:Health:Pharmacy  81.95 DKK

2016-10-03 * "CHRISTIANSHAVNS AP" "Apotek & medicin" #spiir
  spiir-id: "636225015934675265"
  Assets:Checking:Primary  -72.40 DKK
  Expenses:Health:Pharmacy  72.40 DKK

2016-10-03 * "Mobilbillet" "Bus, tog, færge o.l." #spiir
  spiir-id: "636225015934675266"
  Assets:Checking:Primary  -150.00 DKK
  Expenses:Transport:Public  150.00 DKK

2016-10-03 * "Gebyrer i alt" "Bankgebyrer" #spiir
  spiir-id: "636225015934675267"
  Assets:Checking:Primary  -5.00 DKK
  Expenses:Bank:Fees  5.00 DKK

2016-10-03 * "Bryggen 21 ApS" "Bar, cafe & restaurant" #spiir
  spiir-id: "636225015934675268"
  Assets:Checking:Primary  -38.00 DKK
  Expenses:Food:Restaurant  38.00 DKK

2016-10-04 * "MobilePay Frisør Hans" "Frisør & personlig pleje" #spiir
  spiir-id: "636225015934675269"
  Assets:Checking:Primary  -180.00 DKK
  Expenses:Shopping:Personal-Care  180.00 DKK

2016-10-04 * "MobilePay: Kian Zanno Ejlertsen" "Hobby & sportsudstyr" #spiir
  spiir-id: "636225015934675270"
  Assets:Checking:Primary  350.00 DKK
  Expenses:Shopping:Sports  -350.00 DKK

2016-10-04 * "Fisketorvet Føtex" "Dagligvarer" #spiir
  spiir-id: "636225015934675271"
  Assets:Checking:Primary  -367.17 DKK
  Expenses:Food:Groceries  367.17 DKK

2016-10-05 * "Polonus Copenhagen" "Dagligvarer" #spiir
  spiir-id: "636225015934675272"
  Assets:Checking:Primary  -42.00 DKK
  Expenses:Food:Groceries  42.00 DKK

2016-10-05 * "MobilePay Social Foodies Frederiksberg" "Bar, cafe & restaurant" #spiir
  spiir-id: "636225015934675273"
  Assets:Checking:Primary  -90.00 DKK
  Expenses:Food:Restaurant  90.00 DKK

2016-10-05 * "FRILUFTSLAND A/S" "Tøj, sko & accessories" #spiir
  spiir-id: "636225015934675274"
  Assets:Checking:Primary  -539.10 DKK
  Expenses:Shopping:Clothing  539.10 DKK

2016-10-05 * "Joyrun" "Hobby & sportsudstyr" #spiir
  spiir-id: "636225015934675275"
  Assets:Checking:Primary  -99.95 DKK
  Expenses:Shopping:Sports  99.95 DKK

2016-10-06 * "FoodMarket T2-30" "Dagligvarer" #spiir
  spiir-id: "636225015934675276"
  Assets:Checking:Primary  -79.00 DKK
  Expenses:Food:Groceries  79.00 DKK

2016-10-06 * "Steffs T2 Pier A" "Bar, cafe & restaurant" #spiir
  spiir-id: "636225015934675277"
  Assets:Checking:Primary  -25.00 DKK
  Expenses:Food:Restaurant  25.00 DKK

2016-10-08 * "VDK NOK 10,00" "Ferieaktiviteter" #spiir
  spiir-id: "636225015934675278"
  Assets:Checking:Primary  -8.38 DKK
  Expenses:Travel:Activities  8.38 DKK

2016-10-08 * "VDK NOK 105,00" "Ferieaktiviteter" #spiir
  spiir-id: "636225015934675279"
  Assets:Checking:Primary  -87.97 DKK
  Expenses:Travel:Activities  87.97 DKK

2016-10-08 * "VDK NOK 159,00" "Ferieaktiviteter" #spiir
  spiir-id: "636225015934675280"
  Assets:Checking:Primary  -133.22 DKK
  Expenses:Travel:Activities  133.22 DKK

2016-10-08 * "VDK NOK 30,00" "Ferieaktiviteter" #spiir
  spiir-id: "636225015934675281"
  Assets:Checking:Primary  -25.14 DKK
  Expenses:Travel:Activities  25.14 DKK

2016-10-11 * "VDK NOK 45,00" "Ferieaktiviteter" #spiir
  spiir-id: "636225015934675282"
  Assets:Checking:Primary  -37.74 DKK
  Expenses:Travel:Activities  37.74 DKK

2016-10-11 * "VDK NOK 348,00" "Ferieaktiviteter" #spiir
  spiir-id: "636225015934675283"
  Assets:Checking:Primary  -291.88 DKK
  Expenses:Travel:Activities  291.88 DKK

2016-10-11 * "VDK NOK 888,00" "Ferieaktiviteter" #spiir
  spiir-id: "636225015934675284"
  Assets:Checking:Primary  -744.79 DKK
  Expenses:Travel:Activities  744.79 DKK

2016-10-11 * "VDK NOK 26,00" "Ferieaktiviteter" #spiir
  spiir-id: "636225015934675285"
  Assets:Checking:Primary  -21.81 DKK
  Expenses:Travel:Activities  21.81 DKK

2016-10-11 * "VDK NOK 39,00" "Ferieaktiviteter" #spiir
  spiir-id: "636225015934675286"
  Assets:Checking:Primary  -32.71 DKK
  Expenses:Travel:Activities  32.71 DKK

2016-10-11 * "VDK USD 7,00" "Online services & software" #spiir
  spiir-id: "636225015934675287"
  Assets:Checking:Primary  -47.60 DKK
  Expenses:Subscriptions:Software  47.60 DKK

2016-10-12 * "VDK NOK 115,00" "Ferieaktiviteter" #spiir
  spiir-id: "636225015934675288"
  Assets:Checking:Primary  -96.23 DKK
  Expenses:Travel:Activities  96.23 DKK

2016-10-12 * "VDK NOK 335,00" "Ferieaktiviteter" #spiir
  spiir-id: "636225015934675289"
  Assets:Checking:Primary  -280.33 DKK
  Expenses:Travel:Activities  280.33 DKK

2016-10-14 * "VDK DKK 99,00" "Film, musik & læsestof" #spiir
  spiir-id: "636225015934675290"
  Assets:Checking:Primary  -99.00 DKK
  Expenses:Entertainment:Media  99.00 DKK

2016-10-14 * "DSB Nørreport Aut" "Bus, tog, færge o.l." #spiir
  spiir-id: "636225015934675291"
  Assets:Checking:Primary  -434.00 DKK
  Expenses:Transport:Public  434.00 DKK

2016-10-15 * "MobilePay: Ruth madsen" "Gaver & velgørenhed" #spiir
  spiir-id: "636225015934675292"
  Assets:Checking:Primary  100.00 DKK
  Expenses:Gifts  -100.00 DKK

2016-10-15 * "MobilePay Ruth madsen" "Gaver & velgørenhed" #spiir
  spiir-id: "636225015934675293"
  Assets:Checking:Primary  -100.00 DKK
  Expenses:Gifts  100.00 DKK

2016-10-15 * "VDK USD 17,19" "Film, musik & læsestof" #spiir
  spiir-id: "636225015934675295"
  Assets:Checking:Primary  -118.18 DKK
  Expenses:Entertainment:Media  118.18 DKK

2016-10-16 * "MobilePay Jan Dalsgaard" "Gaver & velgørenhed" #spiir
  spiir-id: "636225015934675294"
  Assets:Checking:Primary  -250.00 DKK
  Expenses:Gifts  250.00 DKK

2016-10-16 * "DSB Fredericia AUT" "Bus, tog, færge o.l." #spiir
  spiir-id: "636225015934675296"
  Assets:Checking:Primary  -372.00 DKK
  Expenses:Transport:Public  372.00 DKK

2016-10-17 * "Kaffetårnet" "Bar, cafe & restaurant" #spiir
  spiir-id: "636225015934675297"
  Assets:Checking:Primary  -30.00 DKK
  Expenses:Food:Restaurant  30.00 DKK

2016-10-19 * "Kaffetårnet" "Bar, cafe & restaurant" #spiir
  spiir-id: "636225015934675298"
  Assets:Checking:Primary  -27.00 DKK
  Expenses:Food:Restaurant  27.00 DKK

2016-10-19 * "BOG & IDE" "Film, musik & læsestof" #spiir
  spiir-id: "636225015934675299"
  Assets:Checking:Primary  -39.95 DKK
  Expenses:Entertainment:Media  39.95 DKK

2016-10-20 * "Je t Aime ApS" "Bar, cafe & restaurant" #spiir
  spiir-id: "636225015934675300"
  Assets:Checking:Primary  -450.00 DKK
  Expenses:Food:Restaurant  450.00 DKK

2016-10-22 * "Copenhagen boulder" "Sport & fritid" #spiir
  spiir-id: "636225015934675301"
  Assets:Checking:Primary  -110.00 DKK
  Expenses:Entertainment:Sports  110.00 DKK

2016-10-23 * "Dyrehaven" "Bar, cafe & restaurant" #spiir
  spiir-id: "636225015934675302"
  Assets:Checking:Primary  -203.00 DKK
  Expenses:Food:Restaurant  203.00 DKK

2016-10-23 * "Absalon" "Frisør & personlig pleje" #spiir
  spiir-id: "636225015934675303"
  Assets:Checking:Primary  -65.00 DKK
  Expenses:Shopping:Personal-Care  65.00 DKK

2016-10-23 * "Wajid Foods 2014 A" "Dagligvarer" #spiir
  spiir-id: "636225015934675304"
  Assets:Checking:Primary  -110.00 DKK
  Expenses:Food:Groceries  110.00 DKK

2016-10-24 * "Kaffetårnet" "Bar, cafe & restaurant" #spiir
  spiir-id: "636225015934675305"
  Assets:Checking:Primary  -30.00 DKK
  Expenses:Food:Restaurant  30.00 DKK

2016-10-25 * "VDK DKK 1452,79" "Møbler & boligudstyr" #spiir
  spiir-id: "636225015934675306"
  Assets:Checking:Primary  -1452.79 DKK
  Expenses:Shopping:Furniture  1452.79 DKK

2016-10-25 * "Mobilbillet" "Bus, tog, færge o.l." #spiir
  spiir-id: "636225015934675307"
  Assets:Checking:Primary  -150.00 DKK
  Expenses:Transport:Public  150.00 DKK

2016-10-25 * "Headphones" "Kontooverførsel" #spiir
  spiir-id: "636225015934675308"
  Assets:Checking:Primary  1452.90 DKK
  Assets:Transfer  -1452.90 DKK

2016-10-26 * "MobilePay Københavns Squash Klub" "Sport & fritid" #spiir
  spiir-id: "636225015934675309"
  Assets:Checking:Primary  -180.00 DKK
  Expenses:Entertainment:Sports  180.00 DKK

2016-10-27 * "billetto.dk" "Biograf, koncerter & forlystelser" #spiir
  spiir-id: "636225015934675310"
  Assets:Checking:Primary  -109.39 DKK
  Expenses:Entertainment:Events  109.39 DKK

2016-10-28 * "Lønoverførsel" "Løn" #spiir
  spiir-id: "636225015934675311"
  Assets:Checking:Primary  22650.33 DKK
  Income:Salary  -22650.33 DKK

2016-10-29 * "Dansk Bjergklub" "Bar, cafe & restaurant" #spiir
  spiir-id: "636225015934675312"
  Assets:Checking:Primary  -15.00 DKK
  Expenses:Food:Restaurant  15.00 DKK

2016-10-29 * "Dansk Bjergklub" "Sport & fritid" #spiir
  spiir-id: "636225015934675313"
  Assets:Checking:Primary  -80.00 DKK
  Expenses:Entertainment:Sports  80.00 DKK

2016-10-29 * "Fitness dk (nr.37)" "Sport & fritid" #spiir
  spiir-id: "636225015934675314"
  Assets:Checking:Primary  -318.29 DKK
  Expenses:Entertainment:Sports  318.29 DKK

2016-10-31 * "Husleje" "Kontooverførsel" #spiir
  spiir-id: "636225015934675315"
  Assets:Checking:Primary  -4595.00 DKK
  Assets:Transfer  4595.00 DKK

2016-10-31 * "KIHOSKH A/S" "Kiosk, bager & specialbutikker" #spiir
  spiir-id: "636225015934675316"
  Assets:Checking:Primary  -29.00 DKK
  Expenses:Food:Kiosk  29.00 DKK

2016-10-31 * "BAISIKELI ApS" "Anden transport" #spiir
  spiir-id: "636225015934675317"
  Assets:Checking:Primary  -675.00 DKK
  Expenses:Transport:Other  675.00 DKK

2016-10-31 * "Nørrebro Teater" "Biograf, koncerter & forlystelser" #spiir
  spiir-id: "636225015934675318"
  Assets:Checking:Primary  -50.00 DKK
  Expenses:Entertainment:Events  50.00 DKK

2016-10-31 * "Gebyrer i alt" "Bankgebyrer" #spiir
  spiir-id: "636225015934675319"
  Assets:Checking:Primary  -150.00 DKK
  Expenses:Bank:Fees  150.00 DKK

2016-11-01 * "EL" "" #spiir
  spiir-id: "636225015934675320"
  Assets:Checking:Primary  -367.00 DKK
  Expenses:Uncategorized  367.00 DKK

2016-11-01 * "Madbudget" "" #spiir
  spiir-id: "636225015934675321"
  Assets:Checking:Primary  -2000.00 DKK
  Expenses:Uncategorized  2000.00 DKK

2016-11-01 * "Opsparing" "" #spiir
  spiir-id: "636225015934675322"
  Assets:Checking:Primary  -7000.00 DKK
  Expenses:Uncategorized  7000.00 DKK

2016-11-01 * "Far" "Gaver & velgørenhed" #spiir
  spiir-id: "636225015934675323"
  Assets:Checking:Primary  -1000.00 DKK
  Expenses:Gifts  1000.00 DKK

2016-11-01 * "Dbkk" "Sport & fritid" #spiir
  spiir-id: "636225015934675324"
  Assets:Checking:Primary  -359.00 DKK
  Expenses:Entertainment:Sports  359.00 DKK

2016-11-01 * "Fiol Optik" "Briller & kontaktlinser" #spiir
  spiir-id: "636225015934675325"
  Assets:Checking:Primary  -330.00 DKK
  Expenses:Health:Vision  330.00 DKK

2016-11-01 * "Tryg" "Indbo- & familieforsikring" #spiir
  spiir-id: "636225015934675326"
  Assets:Checking:Primary  -123.27 DKK
  Expenses:House:Contents-Insurance  123.27 DKK

2016-11-01 * "Tryg" "Indbo- & familieforsikring" #spiir
  spiir-id: "636225015934675327"
  Assets:Checking:Primary  -185.95 DKK
  Expenses:House:Contents-Insurance  185.95 DKK

2016-11-01 * "3 (hi3g Denmark Aps)" "Telefoni & internet" #spiir
  spiir-id: "636225015934675328"
  Assets:Checking:Primary  -606.25 DKK
  Expenses:Subscriptions:Telecom  606.25 DKK

2016-11-01 * "McDonald´s Nørrevo" "Fastfood & takeaway" #spiir
  spiir-id: "636225015934675329"
  Assets:Checking:Primary  -64.00 DKK
  Expenses:Food:Takeaway  64.00 DKK

2016-11-01 * "MobilePay Jacob Høffer Larsen" "Andre boligudgifter" #spiir
  spiir-id: "636225015934675330"
  Assets:Checking:Primary  -140.00 DKK
  Expenses:House:Other  140.00 DKK

2016-11-01 * "Gebyrer i alt" "Bankgebyrer" #spiir
  spiir-id: "636225015934675331"
  Assets:Checking:Primary  -5.00 DKK
  Expenses:Bank:Fees  5.00 DKK

2016-11-02 * "MobilePay Stefano" "Gaver & velgørenhed" #spiir
  spiir-id: "636225015934675332"
  Assets:Checking:Primary  -97.50 DKK
  Expenses:Gifts  97.50 DKK

2016-11-03 * "BARBURRITO ApS" "Bar, cafe & restaurant" #spiir
  spiir-id: "636225015934675333"
  Assets:Checking:Primary  -194.00 DKK
  Expenses:Food:Restaurant  194.00 DKK

2016-11-03 * "COCUS CORNER ApS" "Dagligvarer" #spiir
  spiir-id: "636225015934675334"
  Assets:Checking:Primary  -50.00 DKK
  Expenses:Food:Groceries  50.00 DKK

2016-11-03 * "MobilePay: Peter A" "Dagligvarer" #spiir
  spiir-id: "636225015934675335"
  Assets:Checking:Primary  125.00 DKK
  Expenses:Food:Groceries  -125.00 DKK

2016-11-05 * "Ingeniørforeningen" "Fagforening & a-kasse" #spiir
  spiir-id: "636225015934675336"
  Assets:Checking:Primary  -878.25 DKK
  Expenses:Insurance:Union  878.25 DKK

2016-11-05 * "KIHOSKH A/S" "Kiosk, bager & specialbutikker" #spiir
  spiir-id: "636225015934675337"
  Assets:Checking:Primary  -58.00 DKK
  Expenses:Food:Kiosk  58.00 DKK

2016-11-08 * "VISA/DANKORT gebyr" "Bankgebyrer" #spiir
  spiir-id: "636225015934675338"
  Assets:Checking:Primary  -150.00 DKK
  Expenses:Bank:Fees  150.00 DKK

2016-11-08 * "Statens Administration S" "Studielån" #spiir
  spiir-id: "636225015934675339"
  Assets:Checking:Primary  -205.00 DKK
  Expenses:Loans:Student  205.00 DKK

2016-11-09 * "VAISENHUS APOTEK" "Apotek & medicin" #spiir
  spiir-id: "636225015934675340"
  Assets:Checking:Primary  -80.25 DKK
  Expenses:Health:Pharmacy  80.25 DKK

2016-11-10 * "MobilePay Frisør Hans" "Frisør & personlig pleje" #spiir
  spiir-id: "636225015934675341"
  Assets:Checking:Primary  -180.00 DKK
  Expenses:Shopping:Personal-Care  180.00 DKK

2016-11-10 * "Risteriet Aps" "Bar, cafe & restaurant" #spiir
  spiir-id: "636225015934675342"
  Assets:Checking:Primary  -30.00 DKK
  Expenses:Food:Restaurant  30.00 DKK

2016-11-10 * "FRILUFTSLAND A/S" "Tøj, sko & accessories" #spiir
  spiir-id: "636225015934675343"
  Assets:Checking:Primary  799.00 DKK
  Expenses:Shopping:Clothing  -799.00 DKK

2016-11-10 * "FRILUFTSLAND A/S" "Tøj, sko & accessories" #spiir
  spiir-id: "636225015934675344"
  Assets:Checking:Primary  -799.00 DKK
  Expenses:Shopping:Clothing  799.00 DKK

2016-11-10 * "FRILUFTSLAND A/S" "Tøj, sko & accessories" #spiir
  spiir-id: "636225015934675345"
  Assets:Checking:Primary  -719.10 DKK
  Expenses:Shopping:Clothing  719.10 DKK

2016-11-11 * "VDK USD 7,00" "Online services & software" #spiir
  spiir-id: "636225015934675346"
  Assets:Checking:Primary  -48.22 DKK
  Expenses:Subscriptions:Software  48.22 DKK

2016-11-11 * "MobilePay DSB" "Bus, tog, færge o.l." #spiir
  spiir-id: "636225015934675347"
  Assets:Checking:Primary  -714.00 DKK
  Expenses:Transport:Public  714.00 DKK

2016-11-12 * "SuperBrugsen Strib" "Dagligvarer" #spiir
  spiir-id: "636225015934675348"
  Assets:Checking:Primary  -85.35 DKK
  Expenses:Food:Groceries  85.35 DKK

2016-11-12 * "SuperBrugsen Strib" "Dagligvarer" #spiir
  spiir-id: "636225015934675349"
  Assets:Checking:Primary  -11.95 DKK
  Expenses:Food:Groceries  11.95 DKK

2016-11-14 * "MobilePay Bear Coffee" "Bar, cafe & restaurant" #spiir
  spiir-id: "636225015934675350"
  Assets:Checking:Primary  -30.00 DKK
  Expenses:Food:Restaurant  30.00 DKK

2016-11-14 * "vivino.com" "Tobak & alkohol" #spiir
  spiir-id: "636225015934675351"
  Assets:Checking:Primary  -1275.00 DKK
  Expenses:Food:Alcohol  1275.00 DKK

2016-11-15 * "VDK DKK 99,00" "Film, musik & læsestof" #spiir
  spiir-id: "636225015934675352"
  Assets:Checking:Primary  -99.00 DKK
  Expenses:Entertainment:Media  99.00 DKK

2016-11-15 * "VDK USD 17,19" "Film, musik & læsestof" #spiir
  spiir-id: "636225015934675353"
  Assets:Checking:Primary  -119.90 DKK
  Expenses:Entertainment:Media  119.90 DKK

2016-11-15 * "Mobilbillet" "Bus, tog, færge o.l." #spiir
  spiir-id: "636225015934675354"
  Assets:Checking:Primary  -150.00 DKK
  Expenses:Transport:Public  150.00 DKK

2016-11-16 * "Kaffetårnet" "Bar, cafe & restaurant" #spiir
  spiir-id: "636225015934675355"
  Assets:Checking:Primary  -30.00 DKK
  Expenses:Food:Restaurant  30.00 DKK

2016-11-16 * "DSB Dybbølsbro Aut" "Bus, tog, færge o.l." #spiir
  spiir-id: "636225015934675356"
  Assets:Checking:Primary  -24.00 DKK
  Expenses:Transport:Public  24.00 DKK

2016-11-17 * "Kaffetårnet" "Bar, cafe & restaurant" #spiir
  spiir-id: "636225015934675357"
  Assets:Checking:Primary  -30.00 DKK
  Expenses:Food:Restaurant  30.00 DKK

2016-11-18 * "VDK DKK 25,82" "Ferieaktiviteter" #spiir
  spiir-id: "636225015934675358"
  Assets:Checking:Primary  -25.82 DKK
  Expenses:Travel:Activities  25.82 DKK

2016-11-18 * "VDK DKK 25,82" "Ferieaktiviteter" #spiir
  spiir-id: "636225015934675359"
  Assets:Checking:Primary  -25.82 DKK
  Expenses:Travel:Activities  25.82 DKK

2016-11-18 * "Kaffetårnet" "Bar, cafe & restaurant" #spiir
  spiir-id: "636225015934675360"
  Assets:Checking:Primary  -30.00 DKK
  Expenses:Food:Restaurant  30.00 DKK

2016-11-18 * "Opsparing" "" #spiir
  spiir-id: "636225015934675361"
  Assets:Checking:Primary  5000.00 DKK
  Expenses:Uncategorized  -5000.00 DKK

2016-11-18 * "MobilePay Jan Dalsgaard" "Gaver & velgørenhed" #spiir
  spiir-id: "636225015934675362"
  Assets:Checking:Primary  -400.00 DKK
  Expenses:Gifts  400.00 DKK

2016-11-18 * "La Perla" "Bar, cafe & restaurant" #spiir
  spiir-id: "636225015934675363"
  Assets:Checking:Primary  -178.00 DKK
  Expenses:Food:Restaurant  178.00 DKK

2016-11-18 * "Netto Landemærket" "Dagligvarer" #spiir
  spiir-id: "636225015934675364"
  Assets:Checking:Primary  -33.90 DKK
  Expenses:Food:Groceries  33.90 DKK

2016-11-18 * "Netto Landemærket" "Dagligvarer" #spiir
  spiir-id: "636225015934675365"
  Assets:Checking:Primary  -108.00 DKK
  Expenses:Food:Groceries  108.00 DKK

2016-11-18 * "Netto Landemærket" "Dagligvarer" #spiir
  spiir-id: "636225015934675366"
  Assets:Checking:Primary  -139.65 DKK
  Expenses:Food:Groceries  139.65 DKK

2016-11-19 * "MobilePay Ren Cykel / Ren Bil" "Værksted & reservedele" #spiir
  spiir-id: "636225015934675367"
  Assets:Checking:Primary  -399.00 DKK
  Expenses:Car:Service  399.00 DKK

2016-11-19 * "MobilePay: Stefano" "Dagligvarer" #spiir
  spiir-id: "636225015934675368"
  Assets:Checking:Primary  105.00 DKK
  Expenses:Food:Groceries  -105.00 DKK

2016-11-21 * "MobilePay: Orion Madsen" "Gaver & velgørenhed" #spiir
  spiir-id: "636225015934675369"
  Assets:Checking:Primary  200.00 DKK
  Expenses:Gifts  -200.00 DKK

2016-11-22 * "VDK USD 69,00" "Ferieaktiviteter" #spiir
  spiir-id: "636225015934675370"
  Assets:Checking:Primary  -493.03 DKK
  Expenses:Travel:Activities  493.03 DKK

2016-11-22 * "VDK DKK 25,82" "Ferieaktiviteter" #spiir
  spiir-id: "636225015934675371"
  Assets:Checking:Primary  -25.82 DKK
  Expenses:Travel:Activities  25.82 DKK

2016-11-22 * "VDK DKK 25,82" "Ferieaktiviteter" #spiir
  spiir-id: "636225015934675372"
  Assets:Checking:Primary  -25.82 DKK
  Expenses:Travel:Activities  25.82 DKK

2016-11-25 * "Dansk Bjergklub" "Bar, cafe & restaurant" #spiir
  spiir-id: "636225015934675373"
  Assets:Checking:Primary  -40.00 DKK
  Expenses:Food:Restaurant  40.00 DKK

2016-11-26 * "MobilePay Orion Madsen" "Ukendt" #spiir
  spiir-id: "636225015934675374"
  Assets:Checking:Primary  -75.00 DKK
  Expenses:Other  75.00 DKK

2016-11-26 * "FRILUFTSLAND A/S" "Tøj, sko & accessories" #spiir
  spiir-id: "636225015934675375"
  Assets:Checking:Primary  -719.10 DKK
  Expenses:Shopping:Clothing  719.10 DKK

2016-11-26 * "Kaf' bar 9" "Bar, cafe & restaurant" #spiir
  spiir-id: "636225015934675376"
  Assets:Checking:Primary  -55.00 DKK
  Expenses:Food:Restaurant  55.00 DKK

2016-11-26 * "KUNST OG KØKKENTØJ" "Møbler & boligudstyr" #spiir
  spiir-id: "636225015934675377"
  Assets:Checking:Primary  -101.00 DKK
  Expenses:Shopping:Furniture  101.00 DKK

2016-11-26 * "The Bird and The C" "Ignorer" #spiir
  spiir-id: "636225015934675378"
  Assets:Checking:Primary  -591.25 DKK
  Expenses:Uncategorized  591.25 DKK

2016-11-27 * "Balderdash" "Ignorer" #spiir
  spiir-id: "636225015934675379"
  Assets:Checking:Primary  -150.00 DKK
  Expenses:Uncategorized  150.00 DKK

2016-11-27 * "Balderdash" "Ignorer" #spiir
  spiir-id: "636225015934675380"
  Assets:Checking:Primary  -440.00 DKK
  Expenses:Uncategorized  440.00 DKK

2016-11-27 * "Balderdash" "Ignorer" #spiir
  spiir-id: "636225015934675381"
  Assets:Checking:Primary  -440.00 DKK
  Expenses:Uncategorized  440.00 DKK

2016-11-27 * "Balderdash" "Ignorer" #spiir
  spiir-id: "636225015934675382"
  Assets:Checking:Primary  -600.00 DKK
  Expenses:Uncategorized  600.00 DKK

2016-11-27 * "Gebr. Heinemann" "Bar, cafe & restaurant" #spiir
  spiir-id: "636225015934675383"
  Assets:Checking:Primary  -63.00 DKK
  Expenses:Food:Restaurant  63.00 DKK

2016-11-27 * "Caviar House & Pru" "Bar, cafe & restaurant" #spiir
  spiir-id: "636225015934675384"
  Assets:Checking:Primary  -70.00 DKK
  Expenses:Food:Restaurant  70.00 DKK

2016-11-29 * "Lønoverførsel" "Løn" #spiir
  spiir-id: "636225015934675385"
  Assets:Checking:Primary  22650.33 DKK
  Income:Salary  -22650.33 DKK

2016-11-30 * "VDK USD 19,77" "Ferieaktiviteter" #spiir
  spiir-id: "636225015934675386"
  Assets:Checking:Primary  -141.31 DKK
  Expenses:Travel:Activities  141.31 DKK

2016-11-30 * "VDK USD 84,30" "Ferieaktiviteter" #spiir
  spiir-id: "636225015934675387"
  Assets:Checking:Primary  -602.54 DKK
  Expenses:Travel:Activities  602.54 DKK

2016-11-30 * "Husleje" "Kontooverførsel" #spiir
  spiir-id: "636225015934675388"
  Assets:Checking:Primary  -4595.00 DKK
  Assets:Transfer  4595.00 DKK

2016-12-01 * "VDK USD 24,49" "Ferieaktiviteter" #spiir
  spiir-id: "636225015934675389"
  Assets:Checking:Primary  -175.04 DKK
  Expenses:Travel:Activities  175.04 DKK

2016-12-01 * "VDK USD 12,97" "Ferieaktiviteter" #spiir
  spiir-id: "636225015934675390"
  Assets:Checking:Primary  -92.70 DKK
  Expenses:Travel:Activities  92.70 DKK

2016-12-01 * "VDK USD 3,50" "Ferieaktiviteter" #spiir
  spiir-id: "636225015934675391"
  Assets:Checking:Primary  -25.02 DKK
  Expenses:Travel:Activities  25.02 DKK

2016-12-01 * "VDK USD 3,50" "Ferieaktiviteter" #spiir
  spiir-id: "636225015934675392"
  Assets:Checking:Primary  -25.02 DKK
  Expenses:Travel:Activities  25.02 DKK

2016-12-01 * "VDK USD 23,27" "Gaver & velgørenhed" #spiir
  spiir-id: "636225015934675393"
  Assets:Checking:Primary  -166.32 DKK
  Expenses:Gifts  166.32 DKK

2016-12-01 * "EL" "" #spiir
  spiir-id: "636225015934675394"
  Assets:Checking:Primary  -367.00 DKK
  Expenses:Uncategorized  367.00 DKK

2016-12-01 * "Madbudget" "" #spiir
  spiir-id: "636225015934675395"
  Assets:Checking:Primary  -2000.00 DKK
  Expenses:Uncategorized  2000.00 DKK

2016-12-01 * "Opsparing" "" #spiir
  spiir-id: "636225015934675396"
  Assets:Checking:Primary  -7000.00 DKK
  Expenses:Uncategorized  7000.00 DKK

2016-12-01 * "Far" "Gaver & velgørenhed" #spiir
  spiir-id: "636225015934675397"
  Assets:Checking:Primary  -1000.00 DKK
  Expenses:Gifts  1000.00 DKK

2016-12-01 * "Dbkk" "Sport & fritid" #spiir
  spiir-id: "636225015934675398"
  Assets:Checking:Primary  -359.00 DKK
  Expenses:Entertainment:Sports  359.00 DKK

2016-12-01 * "Fitness DK" "Sport & fritid" #spiir
  spiir-id: "636225015934675399"
  Assets:Checking:Primary  -308.75 DKK
  Expenses:Entertainment:Sports  308.75 DKK

2016-12-01 * "3 (hi3g Denmark Aps)" "Telefoni & internet" #spiir
  spiir-id: "636225015934675400"
  Assets:Checking:Primary  -496.25 DKK
  Expenses:Subscriptions:Telecom  496.25 DKK

2016-12-01 * "Fiol Optik" "Briller & kontaktlinser" #spiir
  spiir-id: "636225015934675401"
  Assets:Checking:Primary  -330.00 DKK
  Expenses:Health:Vision  330.00 DKK

2016-12-01 * "Gebyrer i alt" "Bankgebyrer" #spiir
  spiir-id: "636225015934675402"
  Assets:Checking:Primary  -5.00 DKK
  Expenses:Bank:Fees  5.00 DKK

2016-12-02 * "VDK USD 4,75" "Ferieaktiviteter" #spiir
  spiir-id: "636225015934675403"
  Assets:Checking:Primary  -33.99 DKK
  Expenses:Travel:Activities  33.99 DKK

2016-12-02 * "MobilePay Karina Gilhøj Lundsgaard" "Gaver & velgørenhed" #spiir
  spiir-id: "636225015934675404"
  Assets:Checking:Primary  -150.00 DKK
  Expenses:Gifts  150.00 DKK

2016-12-03 * "VDK USD 27,87" "Ferieaktiviteter" #spiir
  spiir-id: "636225015934675405"
  Assets:Checking:Primary  -198.84 DKK
  Expenses:Travel:Activities  198.84 DKK

2016-12-03 * "VDK USD 4,87" "Ferieaktiviteter" #spiir
  spiir-id: "636225015934675406"
  Assets:Checking:Primary  -34.74 DKK
  Expenses:Travel:Activities  34.74 DKK

2016-12-03 * "VDK USD 3,24" "Ferieaktiviteter" #spiir
  spiir-id: "636225015934675407"
  Assets:Checking:Primary  -23.11 DKK
  Expenses:Travel:Activities  23.11 DKK

2016-12-03 * "VDK USD 6,98" "Ferieaktiviteter" #spiir
  spiir-id: "636225015934675408"
  Assets:Checking:Primary  -49.80 DKK
  Expenses:Travel:Activities  49.80 DKK

2016-12-03 * "VDK USD 4,33" "Ferieaktiviteter" #spiir
  spiir-id: "636225015934675409"
  Assets:Checking:Primary  -30.90 DKK
  Expenses:Travel:Activities  30.90 DKK

2016-12-05 * "WeShare: Vegas Baby" "Ferieaktiviteter" #spiir
  spiir-id: "636225015934675410"
  Assets:Checking:Primary  247.92 DKK
  Expenses:Travel:Activities  -247.92 DKK

2016-12-06 * "VDK USD 7,22" "Ferieaktiviteter" #spiir
  spiir-id: "636225015934675411"
  Assets:Checking:Primary  -51.31 DKK
  Expenses:Travel:Activities  51.31 DKK

2016-12-06 * "VDK USD 3,78" "Ferieaktiviteter" #spiir
  spiir-id: "636225015934675412"
  Assets:Checking:Primary  -26.87 DKK
  Expenses:Travel:Activities  26.87 DKK

2016-12-06 * "VDK USD 128,70" "Ferieaktiviteter" #spiir
  spiir-id: "636225015934675413"
  Assets:Checking:Primary  -914.67 DKK
  Expenses:Travel:Activities  914.67 DKK

2016-12-06 * "VDK USD 15,01" "Ferieaktiviteter" #spiir
  spiir-id: "636225015934675414"
  Assets:Checking:Primary  -106.68 DKK
  Expenses:Travel:Activities  106.68 DKK

2016-12-06 * "VDK USD 192,50" "Ferieaktiviteter" #spiir
  spiir-id: "636225015934675415"
  Assets:Checking:Primary  -1368.09 DKK
  Expenses:Travel:Activities  1368.09 DKK

2016-12-06 * "VDK USD 16,49" "Ferieaktiviteter" #spiir
  spiir-id: "636225015934675416"
  Assets:Checking:Primary  -117.19 DKK
  Expenses:Travel:Activities  117.19 DKK

2016-12-06 * "VDK USD 10,80" "Ferieaktiviteter" #spiir
  spiir-id: "636225015934675417"
  Assets:Checking:Primary  -76.75 DKK
  Expenses:Travel:Activities  76.75 DKK

2016-12-06 * "VDK USD 50,87" "Ferieaktiviteter" #spiir
  spiir-id: "636225015934675418"
  Assets:Checking:Primary  -361.53 DKK
  Expenses:Travel:Activities  361.53 DKK

2016-12-06 * "VDK USD 27,58" "Tøj, sko & accessories" #spiir
  spiir-id: "636225015934675419"
  Assets:Checking:Primary  -196.01 DKK
  Expenses:Shopping:Clothing  196.01 DKK

2016-12-06 * "VDK USD 6,29" "Ferieaktiviteter" #spiir
  spiir-id: "636225015934675420"
  Assets:Checking:Primary  -44.70 DKK
  Expenses:Travel:Activities  44.70 DKK

2016-12-06 * "VDK USD 1,59" "Ferieaktiviteter" #spiir
  spiir-id: "636225015934675421"
  Assets:Checking:Primary  -11.30 DKK
  Expenses:Travel:Activities  11.30 DKK

2016-12-06 * "VDK USD 12,97" "Ferieaktiviteter" #spiir
  spiir-id: "636225015934675422"
  Assets:Checking:Primary  -92.17 DKK
  Expenses:Travel:Activities  92.17 DKK

2016-12-06 * "VDK USD 86,52" "Ferieaktiviteter" #spiir
  spiir-id: "636225015934675423"
  Assets:Checking:Primary  -614.90 DKK
  Expenses:Travel:Activities  614.90 DKK

2016-12-06 * "VDK USD 118,97" "Ferieaktiviteter" #spiir
  spiir-id: "636225015934675424"
  Assets:Checking:Primary  -845.52 DKK
  Expenses:Travel:Activities  845.52 DKK

2016-12-06 * "VDK USD 86,52" "Tøj, sko & accessories" #spiir
  spiir-id: "636225015934675425"
  Assets:Checking:Primary  611.13 DKK
  Expenses:Shopping:Clothing  -611.13 DKK

2016-12-06 * "VDK USD 12,00" "Ferieaktiviteter" #spiir
  spiir-id: "636225015934675426"
  Assets:Checking:Primary  -85.28 DKK
  Expenses:Travel:Activities  85.28 DKK

2016-12-06 * "VDK USD 10,13" "Ferieaktiviteter" #spiir
  spiir-id: "636225015934675427"
  Assets:Checking:Primary  -71.99 DKK
  Expenses:Travel:Activities  71.99 DKK

2016-12-06 * "VDK USD 8,60" "Ferieaktiviteter" #spiir
  spiir-id: "636225015934675428"
  Assets:Checking:Primary  -61.12 DKK
  Expenses:Travel:Activities  61.12 DKK

2016-12-06 * "MobilePay Kalles Kaffe" "Bar, cafe & restaurant" #spiir
  spiir-id: "636225015934675429"
  Assets:Checking:Primary  -25.00 DKK
  Expenses:Food:Restaurant  25.00 DKK

2016-12-06 * "Steffs T3, Pier C" "Fastfood & takeaway" #spiir
  spiir-id: "636225015934675430"
  Assets:Checking:Primary  -25.00 DKK
  Expenses:Food:Takeaway  25.00 DKK

2016-12-07 * "VDK USD 18,17" "Ferieaktiviteter" #spiir
  spiir-id: "636225015934675431"
  Assets:Checking:Primary  -130.41 DKK
  Expenses:Travel:Activities  130.41 DKK

2016-12-07 * "VDK USD 17,00" "Ferieaktiviteter" #spiir
  spiir-id: "636225015934675432"
  Assets:Checking:Primary  -122.01 DKK
  Expenses:Travel:Activities  122.01 DKK

2016-12-07 * "VDK USD 4,64" "Ferieaktiviteter" #spiir
  spiir-id: "636225015934675433"
  Assets:Checking:Primary  -33.30 DKK
  Expenses:Travel:Activities  33.30 DKK

2016-12-07 * "VDK USD 41,63" "Ferieaktiviteter" #spiir
  spiir-id: "636225015934675434"
  Assets:Checking:Primary  -298.79 DKK
  Expenses:Travel:Activities  298.79 DKK

2016-12-07 * "VDK USD 5,50" "Ferieaktiviteter" #spiir
  spiir-id: "636225015934675435"
  Assets:Checking:Primary  -39.47 DKK
  Expenses:Travel:Activities  39.47 DKK

2016-12-07 * "VDK USD 2,80" "Ferieaktiviteter" #spiir
  spiir-id: "636225015934675436"
  Assets:Checking:Primary  -20.10 DKK
  Expenses:Travel:Activities  20.10 DKK

2016-12-07 * "VDK USD 10,25" "Ferieaktiviteter" #spiir
  spiir-id: "636225015934675437"
  Assets:Checking:Primary  -73.57 DKK
  Expenses:Travel:Activities  73.57 DKK

2016-12-07 * "VDK USD 17,28" "Ferieaktiviteter" #spiir
  spiir-id: "636225015934675438"
  Assets:Checking:Primary  -124.02 DKK
  Expenses:Travel:Activities  124.02 DKK

2016-12-07 * "VDK USD 4,83" "Ferieaktiviteter" #spiir
  spiir-id: "636225015934675439"
  Assets:Checking:Primary  -34.66 DKK
  Expenses:Travel:Activities  34.66 DKK

2016-12-07 * "MobilePay" "Ferieaktiviteter" #spiir
  spiir-id: "636225015934675440"
  Assets:Checking:Primary  -350.00 DKK
  Expenses:Travel:Activities  350.00 DKK

2016-12-09 * "VDK DKK 29,00" "Ferieaktiviteter" #spiir
  spiir-id: "636225015934675441"
  Assets:Checking:Primary  -29.00 DKK
  Expenses:Travel:Activities  29.00 DKK

2016-12-09 * "Fisketorvet Føtex" "Dagligvarer" #spiir
  spiir-id: "636225015934675442"
  Assets:Checking:Primary  -312.75 DKK
  Expenses:Food:Groceries  312.75 DKK

2016-12-09 * "Kakshidi Food Trad" "Dagligvarer" #spiir
  spiir-id: "636225015934675443"
  Assets:Checking:Primary  -149.91 DKK
  Expenses:Food:Groceries  149.91 DKK

2016-12-09 * "CINEMAXX FISKETORV" "Biograf, koncerter & forlystelser" #spiir
  spiir-id: "636225015934675444"
  Assets:Checking:Primary  -99.00 DKK
  Expenses:Entertainment:Events  99.00 DKK

2016-12-10 * "VDK USD 3,50" "Ferieaktiviteter" #spiir
  spiir-id: "636225015934675445"
  Assets:Checking:Primary  -24.93 DKK
  Expenses:Travel:Activities  24.93 DKK

2016-12-10 * "Dry & Bitter ApS" "Bar, cafe & restaurant" #spiir
  spiir-id: "636225015934675446"
  Assets:Checking:Primary  -100.00 DKK
  Expenses:Food:Restaurant  100.00 DKK

2016-12-10 * "Cafe Trappetorvet" "Bar, cafe & restaurant" #spiir
  spiir-id: "636225015934675447"
  Assets:Checking:Primary  -65.00 DKK
  Expenses:Food:Restaurant  65.00 DKK

2016-12-10 * "DGI Byen" "Bar, cafe & restaurant" #spiir
  spiir-id: "636225015934675448"
  Assets:Checking:Primary  -25.00 DKK
  Expenses:Food:Restaurant  25.00 DKK

2016-12-11 * "Dry & Bitter ApS" "Bar, cafe & restaurant" #spiir
  spiir-id: "636225015934675449"
  Assets:Checking:Primary  -100.00 DKK
  Expenses:Food:Restaurant  100.00 DKK

2016-12-11 * "Artilleri Cafeen v" "Bar, cafe & restaurant" #spiir
  spiir-id: "636225015934675450"
  Assets:Checking:Primary  -100.00 DKK
  Expenses:Food:Restaurant  100.00 DKK

2016-12-12 * "WeShare: Dude Julefrokost" "Biograf, koncerter & forlystelser" #spiir
  spiir-id: "636225015934675451"
  Assets:Checking:Primary  86.06 DKK
  Expenses:Entertainment:Events  -86.06 DKK

2016-12-12 * "7-Eleven B 066" "Kiosk, bager & specialbutikker" #spiir
  spiir-id: "636225015934675452"
  Assets:Checking:Primary  -41.95 DKK
  Expenses:Food:Kiosk  41.95 DKK

2016-12-12 * "WeShare: Dude Julefrokost" "Biograf, koncerter & forlystelser" #spiir
  spiir-id: "636225015934675453"
  Assets:Checking:Primary  91.26 DKK
  Expenses:Entertainment:Events  -91.26 DKK

2016-12-13 * "VDK USD 350,00" "Ferieaktiviteter" #spiir
  spiir-id: "636225015934675454"
  Assets:Checking:Primary  2485.72 DKK
  Expenses:Travel:Activities  -2485.72 DKK

2016-12-13 * "VDK USD 7,00" "Online services & software" #spiir
  spiir-id: "636225015934675455"
  Assets:Checking:Primary  -50.17 DKK
  Expenses:Subscriptions:Software  50.17 DKK

2016-12-13 * "VDK USD 350,00" "Ferieaktiviteter" #spiir
  spiir-id: "636225015934675456"
  Assets:Checking:Primary  -2508.70 DKK
  Expenses:Travel:Activities  2508.70 DKK

2016-12-14 * "VDK DKK 99,00" "Film, musik & læsestof" #spiir
  spiir-id: "636225015934675457"
  Assets:Checking:Primary  -99.00 DKK
  Expenses:Entertainment:Media  99.00 DKK

2016-12-15 * "VDK USD 17,19" "Film, musik & læsestof" #spiir
  spiir-id: "636225015934675458"
  Assets:Checking:Primary  -122.38 DKK
  Expenses:Entertainment:Media  122.38 DKK

2016-12-15 * "TRUSTPILOT A/S" "Ferieaktiviteter" #spiir
  spiir-id: "636225015934675459"
  Assets:Checking:Primary  2947.46 DKK
  Expenses:Travel:Activities  -2947.46 DKK

2016-12-15 * "Tiger" "Biograf, koncerter & forlystelser" #spiir
  spiir-id: "636225015934675460"
  Assets:Checking:Primary  -60.00 DKK
  Expenses:Entertainment:Events  60.00 DKK

2016-12-15 * "Lo-Jos Social" "Bar, cafe & restaurant" #spiir
  spiir-id: "636225015934675461"
  Assets:Checking:Primary  -151.20 DKK
  Expenses:Food:Restaurant  151.20 DKK

2016-12-15 * "Tivoli A/S F&B" "Biograf, koncerter & forlystelser" #spiir
  spiir-id: "636225015934675462"
  Assets:Checking:Primary  -59.00 DKK
  Expenses:Entertainment:Events  59.00 DKK

2016-12-16 * "Mo Joe Gothersgade" "Bar, cafe & restaurant" #spiir
  spiir-id: "636225015934675463"
  Assets:Checking:Primary  -78.00 DKK
  Expenses:Food:Restaurant  78.00 DKK

2016-12-17 * "Nabilo Pizza v/Jam" "Fastfood & takeaway" #spiir
  spiir-id: "636225015934675464"
  Assets:Checking:Primary  -58.00 DKK
  Expenses:Food:Takeaway  58.00 DKK

2016-12-18 * "Azra ApS" "Kiosk, bager & specialbutikker" #spiir
  spiir-id: "636225015934675465"
  Assets:Checking:Primary  -24.50 DKK
  Expenses:Food:Kiosk  24.50 DKK

2016-12-20 * "MobilePay Frisør Hans" "Frisør & personlig pleje" #spiir
  spiir-id: "636225015934675466"
  Assets:Checking:Primary  -180.00 DKK
  Expenses:Shopping:Personal-Care  180.00 DKK

2016-12-20 * "Risteriet Aps" "Bar, cafe & restaurant" #spiir
  spiir-id: "636225015934675467"
  Assets:Checking:Primary  -50.00 DKK
  Expenses:Food:Restaurant  50.00 DKK

2016-12-21 * "MobilePay Bear Coffee" "Bar, cafe & restaurant" #spiir
  spiir-id: "636225015934675468"
  Assets:Checking:Primary  -30.00 DKK
  Expenses:Food:Restaurant  30.00 DKK

2016-12-21 * "Mobilbillet" "Bus, tog, færge o.l." #spiir
  spiir-id: "636225015934675469"
  Assets:Checking:Primary  -150.00 DKK
  Expenses:Transport:Public  150.00 DKK

2016-12-21 * "MobilePay Annettes Pølsevogn" "Fastfood & takeaway" #spiir
  spiir-id: "636225015934675470"
  Assets:Checking:Primary  -28.00 DKK
  Expenses:Food:Takeaway  28.00 DKK

2016-12-21 * "MobilePay Orion Madsen" "Gaver & velgørenhed" #spiir
  spiir-id: "636225015934675471"
  Assets:Checking:Primary  -735.00 DKK
  Expenses:Gifts  735.00 DKK

2016-12-22 * "VDK DKK 25,82" "Ferieaktiviteter" #spiir
  spiir-id: "636225015934675472"
  Assets:Checking:Primary  -25.82 DKK
  Expenses:Travel:Activities  25.82 DKK

2016-12-22 * "DSB København AUT" "Bus, tog, færge o.l." #spiir
  spiir-id: "636225015934675473"
  Assets:Checking:Primary  -372.00 DKK
  Expenses:Transport:Public  372.00 DKK

2016-12-23 * "Søstrene Grene, Fr" "Gaver & velgørenhed" #spiir
  spiir-id: "636225015934675474"
  Assets:Checking:Primary  -128.50 DKK
  Expenses:Gifts  128.50 DKK

2016-12-25 * "MobilePay: Orion Madsen" "Gaver & velgørenhed" #spiir
  spiir-id: "636225015934675475"
  Assets:Checking:Primary  140.00 DKK
  Expenses:Gifts  -140.00 DKK

2016-12-25 * "Rødbilletssalg Aps IPQKG" "Bus, tog, færge o.l." #spiir
  spiir-id: "636225015934675476"
  Assets:Checking:Primary  -280.00 DKK
  Expenses:Transport:Public  280.00 DKK

2016-12-25 * "Panorama Frederici" "Biograf, koncerter & forlystelser" #spiir
  spiir-id: "636225015934675477"
  Assets:Checking:Primary  -40.00 DKK
  Expenses:Entertainment:Events  40.00 DKK

2016-12-25 * "Panorama Frederici" "Biograf, koncerter & forlystelser" #spiir
  spiir-id: "636225015934675478"
  Assets:Checking:Primary  -195.00 DKK
  Expenses:Entertainment:Events  195.00 DKK

2016-12-26 * "MobilePay" "Ferieaktiviteter" #spiir
  spiir-id: "636225015934675479"
  Assets:Checking:Primary  -260.00 DKK
  Expenses:Travel:Activities  260.00 DKK

2016-12-28 * "emmerys (180)" "Kiosk, bager & specialbutikker" #spiir
  spiir-id: "636225015934675480"
  Assets:Checking:Primary  -43.00 DKK
  Expenses:Food:Kiosk  43.00 DKK

2016-12-28 * "ELHASSAN CYKLER IV" "Ombygning & vedligehold" #spiir
  spiir-id: "636225015934675481"
  Assets:Checking:Primary  -30.00 DKK
  Expenses:House:Renovation  30.00 DKK

2016-12-29 * "MARATHON SPORT ApS" "Hobby & sportsudstyr" #spiir
  spiir-id: "636225015934675482"
  Assets:Checking:Primary  -150.00 DKK
  Expenses:Shopping:Sports  150.00 DKK

2016-12-29 * "Lønoverførsel" "Løn" #spiir
  spiir-id: "636225015934675483"
  Assets:Checking:Primary  22575.33 DKK
  Income:Salary  -22575.33 DKK

2016-12-30 * "Husleje" "Kontooverførsel" #spiir
  spiir-id: "636225015934675484"
  Assets:Checking:Primary  -4595.00 DKK
  Assets:Transfer  4595.00 DKK

2016-12-31 * "Gebyrer i alt" "Bankgebyrer" #spiir
  spiir-id: "636225015934675485"
  Assets:Checking:Primary  -30.00 DKK
  Expenses:Bank:Fees  30.00 DKK

2016-12-31 * "Gebyr - PATRICK OG SIGNE POULSEN" "Bankgebyrer" #spiir
  spiir-id: "636225015934675486"
  Assets:Checking:Primary  -30.00 DKK
  Expenses:Bank:Fees  30.00 DKK

2016-12-31 * "Fiol Optik" "Briller & kontaktlinser" #spiir
  spiir-id: "636225015934675489"
  Assets:Checking:Primary  -330.00 DKK
  Expenses:Health:Vision  330.00 DKK

2016-12-31 * "Akademikernes A-Kasse" "Fagforening & a-kasse" #spiir
  spiir-id: "636225015934675490"
  Assets:Checking:Primary  -1302.00 DKK
  Expenses:Insurance:Union  1302.00 DKK

2016-12-31 * "Fitness DK" "Sport & fritid" #spiir
  spiir-id: "636225015934675491"
  Assets:Checking:Primary  -338.75 DKK
  Expenses:Entertainment:Sports  338.75 DKK

2016-12-31 * "3 (hi3g Denmark Aps)" "Telefoni & internet" #spiir
  spiir-id: "636225015934675492"
  Assets:Checking:Primary  -483.77 DKK
  Expenses:Subscriptions:Telecom  483.77 DKK

2016-12-31 * "Dbkk" "Sport & fritid" #spiir
  spiir-id: "636225015934675493"
  Assets:Checking:Primary  -359.00 DKK
  Expenses:Entertainment:Sports  359.00 DKK

