; Spiir import for 2017
; Generated by import_spiir.py

2017-01-01 * "Rente" "Udlånsrenter" #spiir
  spiir-id: "636225015934675487"
  Assets:Checking:Primary  -73.68 DKK
  Expenses:Loans:Interest  73.68 DKK

2017-01-01 * "Overtræksrente" "Udlånsrenter" #spiir
  spiir-id: "636225015934675488"
  Assets:Checking:Primary  -1.59 DKK
  Expenses:Loans:Interest  1.59 DKK

2017-01-02 * "EL" "Kontooverførsel" #spiir
  spiir-id: "636225015934675494"
  Assets:Checking:Primary  -367.00 DKK
  Assets:Transfer  367.00 DKK

2017-01-02 * "Madbudget" "Dagligvarer" #spiir
  spiir-id: "636225015934675495"
  Assets:Checking:Primary  -2000.00 DKK
  Expenses:Food:Groceries  2000.00 DKK

2017-01-02 * "Opsparing" "" #spiir
  spiir-id: "636225015934675496"
  Assets:Checking:Primary  -7000.00 DKK
  Expenses:Uncategorized  7000.00 DKK

2017-01-02 * "Far" "Gaver & velgørenhed" #spiir
  spiir-id: "636225015934675497"
  Assets:Checking:Primary  -1000.00 DKK
  Expenses:Gifts  1000.00 DKK

2017-01-02 * "Gebyrer i alt" "Bankgebyrer" #spiir
  spiir-id: "636225015934675498"
  Assets:Checking:Primary  -5.00 DKK
  Expenses:Bank:Fees  5.00 DKK

2017-01-05 * "VDK DKK 558,00" "Dagligvarer" #spiir
  spiir-id: "636225015934675499"
  Assets:Checking:Primary  -558.00 DKK
  Expenses:Food:Groceries  558.00 DKK

2017-01-06 * "Wulff & Konstali F" "Bar, cafe & restaurant" #spiir
  spiir-id: "636225015934675500"
  Assets:Checking:Primary  -38.00 DKK
  Expenses:Food:Restaurant  38.00 DKK

2017-01-06 * "DSB" "Bøder & afgifter" #spiir
  spiir-id: "636225015934675501"
  Assets:Checking:Primary  -950.00 DKK
  Expenses:Tax:Fines  950.00 DKK

2017-01-07 * "Statens Administration S" "Studielån" #spiir
  spiir-id: "636225015934675502"
  Assets:Checking:Primary  -205.00 DKK
  Expenses:Loans:Student  205.00 DKK

2017-01-09 * "Croissanten" "Fastfood & takeaway" #spiir
  spiir-id: "636225015934675503"
  Assets:Checking:Primary  -38.00 DKK
  Expenses:Food:Takeaway  38.00 DKK

2017-01-10 * "MobilePay: Sofie Poulsen" "Gaver & velgørenhed" #spiir
  spiir-id: "636225015934675504"
  Assets:Checking:Primary  250.00 DKK
  Expenses:Gifts  -250.00 DKK

2017-01-11 * "VDK USD 7,00" "Online services & software" #spiir
  spiir-id: "636225015934675505"
  Assets:Checking:Primary  -50.50 DKK
  Expenses:Subscriptions:Software  50.50 DKK

2017-01-11 * "VDK DKK 675,08" "Hobby & sportsudstyr" #spiir
  spiir-id: "636225015934675506"
  Assets:Checking:Primary  -675.08 DKK
  Expenses:Shopping:Sports  675.08 DKK

2017-01-11 * "BB blomster ApS" "Gaver & velgørenhed" #spiir
  spiir-id: "636225015934675507"
  Assets:Checking:Primary  -250.00 DKK
  Expenses:Gifts  250.00 DKK

2017-01-14 * "MobilePay Tobias Faber" "Bar, cafe & restaurant" #spiir
  spiir-id: "636225015934675508"
  Assets:Checking:Primary  -76.00 DKK
  Expenses:Food:Restaurant  76.00 DKK

2017-01-14 * "VDK DKK 99,00" "Film, musik & læsestof" #spiir #spotify
  spiir-id: "636225015934675509"
  Assets:Checking:Primary  -99.00 DKK
  Expenses:Entertainment:Media  99.00 DKK

2017-01-14 * "Apotek" "Apotek & medicin" #spiir
  spiir-id: "636225015934675510"
  Assets:Checking:Primary  -115.55 DKK
  Expenses:Health:Pharmacy  115.55 DKK

2017-01-17 * "VDK USD 17,19" "Film, musik & læsestof" #spiir #audible
  spiir-id: "636225015934675511"
  Assets:Checking:Primary  -123.02 DKK
  Expenses:Entertainment:Media  123.02 DKK

2017-01-17 * "Apotek" "Apotek & medicin" #spiir
  spiir-id: "636225015934675512"
  Assets:Checking:Primary  -57.25 DKK
  Expenses:Health:Pharmacy  57.25 DKK

2017-01-18 * "Kaf' bar 9" "Bar, cafe & restaurant" #spiir
  spiir-id: "636225015934675513"
  Assets:Checking:Primary  -35.00 DKK
  Expenses:Food:Restaurant  35.00 DKK

2017-01-19 * "MobilePay Jens Poulsen" "Tøj, sko & accessories" #spiir
  spiir-id: "636225015934675514"
  Assets:Checking:Primary  -60.00 DKK
  Expenses:Shopping:Clothing  60.00 DKK

2017-01-20 * "VDK DKK 668,17" "Gaver & velgørenhed" #spiir
  spiir-id: "636225015934675515"
  Assets:Checking:Primary  -668.17 DKK
  Expenses:Gifts  668.17 DKK

2017-01-20 * "PH" "Ukendt" #spiir
  spiir-id: "636225015934675516"
  Assets:Checking:Primary  -50.00 DKK
  Expenses:Other  50.00 DKK

2017-01-22 * "DSB 7-Eleven Kvikk" "Kiosk, bager & specialbutikker" #spiir
  spiir-id: "636225015934675517"
  Assets:Checking:Primary  -30.00 DKK
  Expenses:Food:Kiosk  30.00 DKK

2017-01-22 * "SILVAN FISKETORVET" "Ombygning & vedligehold" #spiir
  spiir-id: "636225015934675518"
  Assets:Checking:Primary  -676.81 DKK
  Expenses:House:Renovation  676.81 DKK

2017-01-23 * "Overtræk opsparing" "" #spiir
  spiir-id: "636225015934675519"
  Assets:Checking:Primary  6000.00 DKK
  Expenses:Uncategorized  -6000.00 DKK

2017-01-23 * "CHRISTIANSHAVNS AP" "Apotek & medicin" #spiir
  spiir-id: "636225015934675520"
  Assets:Checking:Primary  -33.00 DKK
  Expenses:Health:Pharmacy  33.00 DKK

2017-01-23 * "Apotek" "Apotek & medicin" #spiir
  spiir-id: "636225015934675521"
  Assets:Checking:Primary  -59.95 DKK
  Expenses:Health:Pharmacy  59.95 DKK

2017-01-24 * "VDK SEK 11,90" "Ferieaktiviteter" #spiir
  spiir-id: "636225015934675522"
  Assets:Checking:Primary  -9.46 DKK
  Expenses:Travel:Activities  9.46 DKK

2017-01-24 * "VDK SEK 58,00" "Ferieaktiviteter" #spiir
  spiir-id: "636225015934675523"
  Assets:Checking:Primary  -46.12 DKK
  Expenses:Travel:Activities  46.12 DKK

2017-01-24 * "VDK SEK 88,00" "Ferieaktiviteter" #spiir
  spiir-id: "636225015934675524"
  Assets:Checking:Primary  -69.98 DKK
  Expenses:Travel:Activities  69.98 DKK

2017-01-24 * "Kaffetårnet" "Bar, cafe & restaurant" #spiir
  spiir-id: "636225015934675525"
  Assets:Checking:Primary  -30.00 DKK
  Expenses:Food:Restaurant  30.00 DKK

2017-01-24 * "LêLê Street Kitche" "Dagligvarer" #spiir
  spiir-id: "636225015934675526"
  Assets:Checking:Primary  -210.00 DKK
  Expenses:Food:Groceries  210.00 DKK

2017-01-25 * "VDK DKK 34,00" "Bar, cafe & restaurant" #spiir
  spiir-id: "636225015934675527"
  Assets:Checking:Primary  -34.00 DKK
  Expenses:Food:Restaurant  34.00 DKK

2017-01-25 * "Kaffetårnet" "Bar, cafe & restaurant" #spiir
  spiir-id: "636225015934675528"
  Assets:Checking:Primary  -30.00 DKK
  Expenses:Food:Restaurant  30.00 DKK

2017-01-26 * "MobilePay DSB" "Bus, tog, færge o.l." #spiir
  spiir-id: "636225015934675529"
  Assets:Checking:Primary  -290.00 DKK
  Expenses:Transport:Public  290.00 DKK

2017-01-27 * "Kaffeslabberasen" "Bar, cafe & restaurant" #spiir
  spiir-id: "636225015934675530"
  Assets:Checking:Primary  -60.00 DKK
  Expenses:Food:Restaurant  60.00 DKK

2017-01-28 * "LIDL" "Dagligvarer" #spiir
  spiir-id: "636225015934675532"
  Assets:Checking:Primary  -51.65 DKK
  Expenses:Food:Groceries  51.65 DKK

2017-01-29 * "MobilePay: Lauge Jepsen" "Bar, cafe & restaurant" #spiir
  spiir-id: "636225015934675531"
  Assets:Checking:Primary  36.00 DKK
  Expenses:Food:Restaurant  -36.00 DKK

2017-01-29 * "Bagt på Bryggen" "Kiosk, bager & specialbutikker" #spiir
  spiir-id: "636225015934675533"
  Assets:Checking:Primary  -72.00 DKK
  Expenses:Food:Kiosk  72.00 DKK

2017-01-29 * "SILVAN FISKETORVET" "Ombygning & vedligehold" #spiir
  spiir-id: "636225015934675534"
  Assets:Checking:Primary  -199.90 DKK
  Expenses:House:Renovation  199.90 DKK

2017-01-30 * "Lønoverførsel" "Løn" #spiir
  spiir-id: "636225015934675535"
  Assets:Checking:Primary  25294.33 DKK
  Income:Salary  -25294.33 DKK

2017-01-31 * "VDK DKK 34,00" "Bar, cafe & restaurant" #spiir
  spiir-id: "636225015934675536"
  Assets:Checking:Primary  -34.00 DKK
  Expenses:Food:Restaurant  34.00 DKK

2017-01-31 * "Husleje" "Kontooverførsel" #spiir
  spiir-id: "636225015934675537"
  Assets:Checking:Primary  -4595.00 DKK
  Assets:Transfer  4595.00 DKK

2017-01-31 * "MobilePay Jakob Tolstrup Bech" "Bar, cafe & restaurant" #spiir
  spiir-id: "636225015934675538"
  Assets:Checking:Primary  -200.00 DKK
  Expenses:Food:Restaurant  200.00 DKK

2017-01-31 * "MobilePay: Anders Dyekjær Hansen" "Gaver & velgørenhed" #spiir
  spiir-id: "636225015934675539"
  Assets:Checking:Primary  30.00 DKK
  Expenses:Gifts  -30.00 DKK

2017-01-31 * "MobilePay: Stefano Pretto" "Gaver & velgørenhed" #spiir
  spiir-id: "636225015934675540"
  Assets:Checking:Primary  30.00 DKK
  Expenses:Gifts  -30.00 DKK

2017-01-31 * "MobilePay: Jørn Schou-Rode" "Gaver & velgørenhed" #spiir
  spiir-id: "636225015934675541"
  Assets:Checking:Primary  30.28 DKK
  Expenses:Gifts  -30.28 DKK

2017-01-31 * "MobilePay: Marc Nyholm" "Gaver & velgørenhed" #spiir
  spiir-id: "636225015934675542"
  Assets:Checking:Primary  30.00 DKK
  Expenses:Gifts  -30.00 DKK

2017-01-31 * "MobilePay: Søren Pedersen" "Gaver & velgørenhed" #spiir
  spiir-id: "636225015934675543"
  Assets:Checking:Primary  30.00 DKK
  Expenses:Gifts  -30.00 DKK

2017-01-31 * "MobilePay: Rudy Martin" "Gaver & velgørenhed" #spiir
  spiir-id: "636225015934675544"
  Assets:Checking:Primary  30.00 DKK
  Expenses:Gifts  -30.00 DKK

2017-01-31 * "MobilePay: Thomas Rosted" "Gaver & velgørenhed" #spiir
  spiir-id: "636225015934675545"
  Assets:Checking:Primary  30.00 DKK
  Expenses:Gifts  -30.00 DKK

2017-01-31 * "MobilePay: Martin Andersen" "Gaver & velgørenhed" #spiir
  spiir-id: "636225015934675546"
  Assets:Checking:Primary  30.00 DKK
  Expenses:Gifts  -30.00 DKK

2017-01-31 * "MobilePay: Martin Peter Buberl" "Gaver & velgørenhed" #spiir
  spiir-id: "636225015934675547"
  Assets:Checking:Primary  30.00 DKK
  Expenses:Gifts  -30.00 DKK

2017-01-31 * "Gebyrer i alt" "Bankgebyrer" #spiir
  spiir-id: "636225015934675548"
  Assets:Checking:Primary  -5.00 DKK
  Expenses:Bank:Fees  5.00 DKK

2017-02-01 * "EL" "Kontooverførsel" #spiir
  spiir-id: "636225015934675549"
  Assets:Checking:Primary  -367.00 DKK
  Assets:Transfer  367.00 DKK

2017-02-01 * "Madbudget" "Dagligvarer" #spiir
  spiir-id: "636225015934675550"
  Assets:Checking:Primary  -2000.00 DKK
  Expenses:Food:Groceries  2000.00 DKK

2017-02-01 * "Opsparing" "" #spiir
  spiir-id: "636225015934675551"
  Assets:Checking:Primary  -7000.00 DKK
  Expenses:Uncategorized  7000.00 DKK

2017-02-01 * "Far" "Gaver & velgørenhed" #spiir
  spiir-id: "636225015934675552"
  Assets:Checking:Primary  -1000.00 DKK
  Expenses:Gifts  1000.00 DKK

2017-02-01 * "Dbkk" "Sport & fritid" #spiir
  spiir-id: "636225015934675553"
  Assets:Checking:Primary  -359.00 DKK
  Expenses:Entertainment:Sports  359.00 DKK

2017-02-01 * "Fiol Optik" "Briller & kontaktlinser" #spiir
  spiir-id: "636225015934675554"
  Assets:Checking:Primary  -330.00 DKK
  Expenses:Health:Vision  330.00 DKK

2017-02-01 * "Tryg" "Indbo- & familieforsikring" #spiir
  spiir-id: "636225015934675555"
  Assets:Checking:Primary  -126.30 DKK
  Expenses:House:Contents-Insurance  126.30 DKK

2017-02-01 * "Tryg" "Indbo- & familieforsikring" #spiir
  spiir-id: "636225015934675556"
  Assets:Checking:Primary  -248.98 DKK
  Expenses:House:Contents-Insurance  248.98 DKK

2017-02-01 * "Fitness DK" "Sport & fritid" #spiir
  spiir-id: "636225015934675557"
  Assets:Checking:Primary  -338.75 DKK
  Expenses:Entertainment:Sports  338.75 DKK

2017-02-01 * "3 (hi3g Denmark Aps)" "Telefoni & internet" #spiir
  spiir-id: "636225015934675558"
  Assets:Checking:Primary  -797.25 DKK
  Expenses:Subscriptions:Telecom  797.25 DKK

2017-02-01 * "MobilePay Frisør Hans" "Frisør & personlig pleje" #spiir
  spiir-id: "636225015934675559"
  Assets:Checking:Primary  -180.00 DKK
  Expenses:Shopping:Personal-Care  180.00 DKK

2017-02-01 * "Risteriet Aps" "Bar, cafe & restaurant" #spiir
  spiir-id: "636225015934675560"
  Assets:Checking:Primary  -30.00 DKK
  Expenses:Food:Restaurant  30.00 DKK

2017-02-01 * "Risteriet Aps" "Bar, cafe & restaurant" #spiir
  spiir-id: "636225015934675561"
  Assets:Checking:Primary  -60.00 DKK
  Expenses:Food:Restaurant  60.00 DKK

2017-02-01 * "Gebyrer i alt" "Bankgebyrer" #spiir
  spiir-id: "636225015934675562"
  Assets:Checking:Primary  -5.00 DKK
  Expenses:Bank:Fees  5.00 DKK

2017-02-02 * "MobilePay: Jasper Arildslund" "Gaver & velgørenhed" #spiir
  spiir-id: "636225015934675563"
  Assets:Checking:Primary  30.00 DKK
  Expenses:Gifts  -30.00 DKK

2017-02-03 * "VDK USD 5,00" "Online services & software" #spiir
  spiir-id: "636225015934675564"
  Assets:Checking:Primary  -35.33 DKK
  Expenses:Subscriptions:Software  35.33 DKK

2017-02-04 * "Ingeniørforeningen" "Fagforening & a-kasse" #spiir
  spiir-id: "636225015934675565"
  Assets:Checking:Primary  -878.25 DKK
  Expenses:Insurance:Union  878.25 DKK

2017-02-04 * "RAAHAUGE" "Tøj, sko & accessories" #spiir
  spiir-id: "636225015934675566"
  Assets:Checking:Primary  -699.00 DKK
  Expenses:Shopping:Clothing  699.00 DKK

2017-02-04 * "Sara Sko & Tasker" "Tøj, sko & accessories" #spiir #Sko
  spiir-id: "636225015934675567"
  Assets:Checking:Primary  -519.75 DKK
  Expenses:Shopping:Clothing  519.75 DKK

2017-02-04 * "Butik Hjortshøj" "Bar, cafe & restaurant" #spiir
  spiir-id: "636225015934675568"
  Assets:Checking:Primary  -30.00 DKK
  Expenses:Food:Restaurant  30.00 DKK

2017-02-07 * "VDK DKK 47,00" "Online services & software" #spiir
  spiir-id: "636225015934675569"
  Assets:Checking:Primary  -47.00 DKK
  Expenses:Subscriptions:Software  47.00 DKK

2017-02-07 * "MobilePay Martin Andersen" "Gaver & velgørenhed" #spiir
  spiir-id: "636225015934675570"
  Assets:Checking:Primary  -50.00 DKK
  Expenses:Gifts  50.00 DKK

2017-02-07 * "Giftness" "Gaver & velgørenhed" #spiir
  spiir-id: "636225015934675571"
  Assets:Checking:Primary  30.00 DKK
  Expenses:Gifts  -30.00 DKK

2017-02-08 * "MobilePay: Jørn Schou-Rode" "Bar, cafe & restaurant" #spiir
  spiir-id: "636225015934675572"
  Assets:Checking:Primary  27.00 DKK
  Expenses:Food:Restaurant  -27.00 DKK

2017-02-08 * "Emmerys (380)" "Bar, cafe & restaurant" #spiir
  spiir-id: "636225015934675573"
  Assets:Checking:Primary  -58.00 DKK
  Expenses:Food:Restaurant  58.00 DKK

2017-02-08 * "MobilePay Signe Poulsen" "Bus, tog, færge o.l." #spiir
  spiir-id: "636225015934675574"
  Assets:Checking:Primary  -418.00 DKK
  Expenses:Transport:Public  418.00 DKK

2017-02-11 * "MobilePay Jan Dalsgaard" "Gaver & velgørenhed" #spiir
  spiir-id: "636225015934675575"
  Assets:Checking:Primary  -500.00 DKK
  Expenses:Gifts  500.00 DKK

2017-02-11 * "VDK USD 7,00" "Online services & software" #spiir #github
  spiir-id: "636225661369096942"
  Assets:Checking:Primary  -49.84 DKK
  Expenses:Subscriptions:Software  49.84 DKK

2017-02-11 * "LIDL" "Dagligvarer" #spiir
  spiir-id: "636225661369096943"
  Assets:Checking:Primary  -75.40 DKK
  Expenses:Food:Groceries  75.40 DKK

2017-02-12 * "CINEMAXX FISKETORV" "Biograf, koncerter & forlystelser" #spiir
  spiir-id: "636225661369096944"
  Assets:Checking:Primary  -385.00 DKK
  Expenses:Entertainment:Events  385.00 DKK

2017-02-13 * "Dansk Bjergklub" "Sport & fritid" #spiir
  spiir-id: "636225661369096945"
  Assets:Checking:Primary  -25.00 DKK
  Expenses:Entertainment:Sports  25.00 DKK

2017-02-14 * "VDK DKK 99,00" "Film, musik & læsestof" #spiir #spotify
  spiir-id: "636226683299489956"
  Assets:Checking:Primary  -99.00 DKK
  Expenses:Entertainment:Media  99.00 DKK

2017-02-15 * "Automatudbetaling 2105-0886" "Gaver & velgørenhed" #spiir #Smykker
  spiir-id: "636227451623211459"
  Assets:Checking:Primary  -1100.00 DKK
  Expenses:Gifts  1100.00 DKK

2017-02-15 * "VDK USD 17,19" "Film, musik & læsestof" #spiir #audible
  spiir-id: "636227451623211460"
  Assets:Checking:Primary  -123.09 DKK
  Expenses:Entertainment:Media  123.09 DKK

2017-02-15 * "Kaf' bar 9" "Bar, cafe & restaurant" #spiir
  spiir-id: "636228264319527094"
  Assets:Checking:Primary  -55.00 DKK
  Expenses:Food:Restaurant  55.00 DKK

2017-02-16 * "A/SGEORG JENSEN D" "Gaver & velgørenhed" #spiir
  spiir-id: "636229142536775740"
  Assets:Checking:Primary  450.00 DKK
  Expenses:Gifts  -450.00 DKK

2017-02-17 * "Mobilbillet" "Bus, tog, færge o.l." #spiir
  spiir-id: "636229669316094124"
  Assets:Checking:Primary  -150.00 DKK
  Expenses:Transport:Public  150.00 DKK

2017-02-17 * "Cafe Fiol" "Bar, cafe & restaurant" #spiir
  spiir-id: "636229669316094125"
  Assets:Checking:Primary  -29.00 DKK
  Expenses:Food:Restaurant  29.00 DKK

2017-02-17 * "FRILUFTSLAND A/S" "Ignorer" #spiir
  spiir-id: "636229669316094126"
  Assets:Checking:Primary  -1506.00 DKK
  Expenses:Uncategorized  1506.00 DKK

2017-02-17 * "FRILUFTSLAND A/S" "Hobby & sportsudstyr" #spiir #Klatring
  spiir-id: "636229670661074788"
  Assets:Checking:Primary  -1056.00 DKK
  Expenses:Shopping:Sports  1056.00 DKK

2017-02-17 * "FRILUFTSLAND A/S" "Gaver & velgørenhed" #spiir #Klatring
  spiir-id: "636229670661231469"
  Assets:Checking:Primary  -450.00 DKK
  Expenses:Gifts  450.00 DKK

2017-02-20 * "MobilePay: Tina Jensen" "Biograf, koncerter & forlystelser" #spiir
  spiir-id: "636231712332631401"
  Assets:Checking:Primary  190.00 DKK
  Expenses:Entertainment:Events  -190.00 DKK

2017-02-20 * "Toby's Cafè" "Bar, cafe & restaurant" #spiir
  spiir-id: "636233464265252409"
  Assets:Checking:Primary  -33.00 DKK
  Expenses:Food:Restaurant  33.00 DKK

2017-02-21 * "Wok oN" "Fastfood & takeaway" #spiir
  spiir-id: "636233464265252410"
  Assets:Checking:Primary  -79.00 DKK
  Expenses:Food:Takeaway  79.00 DKK

2017-02-24 * "VDK DKK 509,50" "Hobby & sportsudstyr" #spiir
  spiir-id: "636235250751258842"
  Assets:Checking:Primary  -509.50 DKK
  Expenses:Shopping:Sports  509.50 DKK

2017-02-24 * "MobilePay Københavns Squash Klub" "Sport & fritid" #spiir
  spiir-id: "636235250751258843"
  Assets:Checking:Primary  -25.00 DKK
  Expenses:Entertainment:Sports  25.00 DKK

2017-02-24 * "Croissanten" "Fastfood & takeaway" #spiir
  spiir-id: "636236100977488269"
  Assets:Checking:Primary  -29.00 DKK
  Expenses:Food:Takeaway  29.00 DKK

2017-02-24 * "TRYK BAR ApS" "Bar, cafe & restaurant" #spiir
  spiir-id: "636236100977488270"
  Assets:Checking:Primary  -54.00 DKK
  Expenses:Food:Restaurant  54.00 DKK

2017-02-25 * "Copenhagen boulder" "Sport & fritid" #spiir
  spiir-id: "636237833639472359"
  Assets:Checking:Primary  -110.00 DKK
  Expenses:Entertainment:Sports  110.00 DKK

2017-02-25 * "Copenhagen boulder" "Sport & fritid" #spiir
  spiir-id: "636237833639472360"
  Assets:Checking:Primary  -20.00 DKK
  Expenses:Entertainment:Sports  20.00 DKK

2017-02-25 * "Fisketorvet Føtex" "Dagligvarer" #spiir
  spiir-id: "636237833639472361"
  Assets:Checking:Primary  -226.75 DKK
  Expenses:Food:Groceries  226.75 DKK

2017-02-26 * "Bagt på Bryggen" "Kiosk, bager & specialbutikker" #spiir
  spiir-id: "636237833639472362"
  Assets:Checking:Primary  -30.00 DKK
  Expenses:Food:Kiosk  30.00 DKK

2017-02-27 * "Lønoverførsel" "Løn" #spiir
  spiir-id: "636238676724684303"
  Assets:Checking:Primary  25294.33 DKK
  Income:Salary  -25294.33 DKK

2017-02-28 * "Husleje" "" #spiir
  spiir-id: "636238676724684304"
  Assets:Checking:Primary  -4595.00 DKK
  Expenses:Uncategorized  4595.00 DKK

2017-02-28 * "Opsparing" "Anden opsparing" #spiir
  spiir-id: "636238676724684305"
  Assets:Checking:Primary  10000.00 DKK
  Assets:Savings:Other  -10000.00 DKK

2017-02-28 * "Kaf' bar 9" "Bar, cafe & restaurant" #spiir
  spiir-id: "636239582225380766"
  Assets:Checking:Primary  -55.00 DKK
  Expenses:Food:Restaurant  55.00 DKK

2017-02-28 * "Gebyrer i alt" "Bankgebyrer" #spiir
  spiir-id: "636239582225380767"
  Assets:Checking:Primary  -8.00 DKK
  Expenses:Bank:Fees  8.00 DKK

2017-03-01 * "EL" "" #spiir
  spiir-id: "636239582225380768"
  Assets:Checking:Primary  -367.00 DKK
  Expenses:Uncategorized  367.00 DKK

2017-03-01 * "Madbudget" "" #spiir
  spiir-id: "636239582225380769"
  Assets:Checking:Primary  -2000.00 DKK
  Expenses:Uncategorized  2000.00 DKK

2017-03-01 * "Far" "" #spiir
  spiir-id: "636239582225380770"
  Assets:Checking:Primary  -1000.00 DKK
  Expenses:Uncategorized  1000.00 DKK

2017-03-01 * "Fitness DK" "Sport & fritid" #spiir
  spiir-id: "636239582225380771"
  Assets:Checking:Primary  -338.75 DKK
  Expenses:Entertainment:Sports  338.75 DKK

2017-03-01 * "3 (hi3g Denmark Aps)" "Telefoni & internet" #spiir
  spiir-id: "636239582225380772"
  Assets:Checking:Primary  -691.05 DKK
  Expenses:Subscriptions:Telecom  691.05 DKK

2017-03-01 * "Fiol Optik" "Briller & kontaktlinser" #spiir
  spiir-id: "636239582225380773"
  Assets:Checking:Primary  -330.00 DKK
  Expenses:Health:Vision  330.00 DKK

2017-03-01 * "Dbkk" "Sport & fritid" #spiir
  spiir-id: "636239582225380774"
  Assets:Checking:Primary  -359.00 DKK
  Expenses:Entertainment:Sports  359.00 DKK

2017-03-01 * "Gebyrer i alt" "Bankgebyrer" #spiir
  spiir-id: "636240382189335059"
  Assets:Checking:Primary  -5.00 DKK
  Expenses:Bank:Fees  5.00 DKK

2017-03-02 * "Elgiganten 3004" "Spil & legetøj" #spiir
  spiir-id: "636241235438097036"
  Assets:Checking:Primary  -399.00 DKK
  Expenses:Kids:Toys  399.00 DKK

2017-03-02 * "MobilePay Orion Madsen" "Private lån (venner & familie)" #spiir
  spiir-id: "636241235438097037"
  Assets:Checking:Primary  -1000.00 DKK
  Expenses:Loans:Private  1000.00 DKK

2017-03-02 * "MobilePay: Orion Madsen" "Private lån (venner & familie)" #spiir
  spiir-id: "636241235438097038"
  Assets:Checking:Primary  1000.00 DKK
  Expenses:Loans:Private  -1000.00 DKK

2017-03-04 * "Dansk Bjergklub" "Sport & fritid" #spiir
  spiir-id: "636243802544288940"
  Assets:Checking:Primary  -105.00 DKK
  Expenses:Entertainment:Sports  105.00 DKK

2017-03-05 * "MobilePay Conny Poulsen" "Fly & Hotel" #spiir
  spiir-id: "636243802544288939"
  Assets:Checking:Primary  -2836.00 DKK
  Expenses:Travel:Transport  2836.00 DKK

2017-03-06 * "Orion girokort" "Private lån (venner & familie)" #spiir
  spiir-id: "636243802544288941"
  Assets:Checking:Primary  -759.50 DKK
  Expenses:Loans:Private  759.50 DKK

2017-03-08 * "Statens Administration S" "Studielån" #spiir
  spiir-id: "636245534906850779"
  Assets:Checking:Primary  -205.00 DKK
  Expenses:Loans:Student  205.00 DKK

2017-03-09 * "MobilePay Frisør Hans" "Frisør & personlig pleje" #spiir
  spiir-id: "636246522349195532"
  Assets:Checking:Primary  -180.00 DKK
  Expenses:Shopping:Personal-Care  180.00 DKK

2017-03-10 * "Kaf' bar 9" "Bar, cafe & restaurant" #spiir
  spiir-id: "636248221336545302"
  Assets:Checking:Primary  -35.00 DKK
  Expenses:Food:Restaurant  35.00 DKK

2017-03-11 * "VDK USD 7,00" "Online services & software" #spiir
  spiir-id: "636249966836628591"
  Assets:Checking:Primary  -50.43 DKK
  Expenses:Subscriptions:Software  50.43 DKK

2017-03-11 * "Q8 Service - 8046" "Brændstof" #spiir
  spiir-id: "636249966836628592"
  Assets:Checking:Primary  -13.00 DKK
  Expenses:Car:Gas  13.00 DKK

2017-03-11 * "Bagt på Bryggen" "Kiosk, bager & specialbutikker" #spiir
  spiir-id: "636249966836628593"
  Assets:Checking:Primary  -30.00 DKK
  Expenses:Food:Kiosk  30.00 DKK

2017-03-13 * "La Perla" "Fastfood & takeaway" #spiir
  spiir-id: "636250876202860473"
  Assets:Checking:Primary  -316.00 DKK
  Expenses:Food:Takeaway  316.00 DKK

2017-03-14 * "VDK DKK 34,00" "Bar, cafe & restaurant" #spiir
  spiir-id: "636250876202860474"
  Assets:Checking:Primary  -34.00 DKK
  Expenses:Food:Restaurant  34.00 DKK

2017-03-14 * "VDK DKK 99,00" "Film, musik & læsestof" #spiir
  spiir-id: "636250876202860475"
  Assets:Checking:Primary  -99.00 DKK
  Expenses:Entertainment:Media  99.00 DKK

2017-03-14 * "MobilePay Islands Brygge Wok" "Fastfood & takeaway" #spiir
  spiir-id: "636252606148828842"
  Assets:Checking:Primary  -89.00 DKK
  Expenses:Food:Takeaway  89.00 DKK

2017-03-15 * "VDK USD 17,19" "Film, musik & læsestof" #spiir
  spiir-id: "636252606148828843"
  Assets:Checking:Primary  -122.38 DKK
  Expenses:Entertainment:Media  122.38 DKK

2017-03-15 * "kbo" "Fastfood & takeaway" #spiir
  spiir-id: "636252606148828844"
  Assets:Checking:Primary  79.00 DKK
  Expenses:Food:Takeaway  -79.00 DKK

2017-03-15 * "Kaf' bar 9" "Bar, cafe & restaurant" #spiir
  spiir-id: "636252606148828845"
  Assets:Checking:Primary  -35.00 DKK
  Expenses:Food:Restaurant  35.00 DKK

2017-03-17 * "The Dubliner Downt" "Bar, cafe & restaurant" #spiir
  spiir-id: "636254302837810273"
  Assets:Checking:Primary  -62.00 DKK
  Expenses:Food:Restaurant  62.00 DKK

2017-03-17 * "The Dubliner Downt" "Bar, cafe & restaurant" #spiir
  spiir-id: "636254302837810274"
  Assets:Checking:Primary  -62.00 DKK
  Expenses:Food:Restaurant  62.00 DKK

2017-03-17 * "The Dubliner Downt" "Bar, cafe & restaurant" #spiir
  spiir-id: "636254302837810275"
  Assets:Checking:Primary  -62.00 DKK
  Expenses:Food:Restaurant  62.00 DKK

2017-03-17 * "PIZZAHUSET" "Fastfood & takeaway" #spiir
  spiir-id: "636254302837810276"
  Assets:Checking:Primary  -62.00 DKK
  Expenses:Food:Takeaway  62.00 DKK

2017-03-17 * "MobilePay Klub Geyser" "Bar, cafe & restaurant" #spiir
  spiir-id: "636254302837810277"
  Assets:Checking:Primary  -30.00 DKK
  Expenses:Food:Restaurant  30.00 DKK

2017-03-17 * "Kulturhuset Island" "Bar, cafe & restaurant" #spiir
  spiir-id: "636256116862235072"
  Assets:Checking:Primary  -50.00 DKK
  Expenses:Food:Restaurant  50.00 DKK

2017-03-17 * "Bryggens Spisehus" "Bar, cafe & restaurant" #spiir
  spiir-id: "636256116862235073"
  Assets:Checking:Primary  -45.00 DKK
  Expenses:Food:Restaurant  45.00 DKK

2017-03-19 * "DSB Hellerup AUT" "Bus, tog, færge o.l." #spiir
  spiir-id: "636256116862235074"
  Assets:Checking:Primary  -48.00 DKK
  Expenses:Transport:Public  48.00 DKK

2017-03-19 * "KIHOSKH A/S" "Kiosk, bager & specialbutikker" #spiir
  spiir-id: "636256116862235075"
  Assets:Checking:Primary  -29.95 DKK
  Expenses:Food:Kiosk  29.95 DKK

2017-03-20 * "MobilePay Carlos Filipe Pinto Da Conceicao" "Fastfood & takeaway" #spiir
  spiir-id: "636257017924902417"
  Assets:Checking:Primary  -79.00 DKK
  Expenses:Food:Takeaway  79.00 DKK

2017-03-22 * "MobilePay Københavns Squash Klub" "Sport & fritid" #spiir
  spiir-id: "636258592419456673"
  Assets:Checking:Primary  -180.00 DKK
  Expenses:Entertainment:Sports  180.00 DKK

2017-03-24 * "TYCHO BRAHE PLANET" "Biograf, koncerter & forlystelser" #spiir
  spiir-id: "636260379140012853"
  Assets:Checking:Primary  -100.00 DKK
  Expenses:Entertainment:Events  100.00 DKK

2017-03-24 * "MobilePay Bike and Bake" "Fastfood & takeaway" #spiir
  spiir-id: "636260379140012854"
  Assets:Checking:Primary  -85.00 DKK
  Expenses:Food:Takeaway  85.00 DKK

2017-03-24 * "TYCHO BRAHE PLANET" "Biograf, koncerter & forlystelser" #spiir
  spiir-id: "636260379140012855"
  Assets:Checking:Primary  -80.00 DKK
  Expenses:Entertainment:Events  80.00 DKK

2017-03-25 * "MobilePay Ren Cykel / Ren Bil" "Værksted & reservedele" #spiir
  spiir-id: "636260379140012856"
  Assets:Checking:Primary  -99.00 DKK
  Expenses:Car:Service  99.00 DKK

2017-03-25 * "LIDL" "Dagligvarer" #spiir
  spiir-id: "636262036777713412"
  Assets:Checking:Primary  -13.95 DKK
  Expenses:Food:Groceries  13.95 DKK

2017-03-25 * "LIDL" "Dagligvarer" #spiir
  spiir-id: "636262036777713413"
  Assets:Checking:Primary  -12.20 DKK
  Expenses:Food:Groceries  12.20 DKK

2017-03-25 * "Dansk Bjergklub" "Sport & fritid" #spiir
  spiir-id: "636262036777713414"
  Assets:Checking:Primary  -820.00 DKK
  Expenses:Entertainment:Sports  820.00 DKK

2017-03-25 * "Dansk Bjergklub" "Sport & fritid" #spiir
  spiir-id: "636262036777713415"
  Assets:Checking:Primary  -25.00 DKK
  Expenses:Entertainment:Sports  25.00 DKK

2017-03-25 * "Dansk Bjergklub" "Sport & fritid" #spiir
  spiir-id: "636262036777713416"
  Assets:Checking:Primary  -10.00 DKK
  Expenses:Entertainment:Sports  10.00 DKK

2017-03-26 * "Mobilbillet" "Bus, tog, færge o.l." #spiir
  spiir-id: "636262036777713417"
  Assets:Checking:Primary  -150.00 DKK
  Expenses:Transport:Public  150.00 DKK

2017-03-26 * "Bagt på Bryggen" "Kiosk, bager & specialbutikker" #spiir
  spiir-id: "636262036777713418"
  Assets:Checking:Primary  -30.00 DKK
  Expenses:Food:Kiosk  30.00 DKK

2017-03-26 * "Fisketorvet Føtex" "Dagligvarer" #spiir
  spiir-id: "636262036777713419"
  Assets:Checking:Primary  -629.03 DKK
  Expenses:Food:Groceries  629.03 DKK

2017-03-26 * "BAHNE FISKETORVET" "Møbler & boligudstyr" #spiir
  spiir-id: "636262036777713420"
  Assets:Checking:Primary  -159.90 DKK
  Expenses:Shopping:Furniture  159.90 DKK

2017-03-27 * "MobilePay: Signe Poulsen" "Dagligvarer" #spiir
  spiir-id: "636262036777713421"
  Assets:Checking:Primary  300.00 DKK
  Expenses:Food:Groceries  -300.00 DKK

2017-03-27 * "Croissanten" "Fastfood & takeaway" #spiir
  spiir-id: "636262870658447736"
  Assets:Checking:Primary  -37.00 DKK
  Expenses:Food:Takeaway  37.00 DKK

2017-03-28 * "VDK DKK 184,00" "Bar, cafe & restaurant" #spiir
  spiir-id: "636262870658447737"
  Assets:Checking:Primary  -184.00 DKK
  Expenses:Food:Restaurant  184.00 DKK

2017-03-28 * "VDK DKK 90,00" "Bar, cafe & restaurant" #spiir
  spiir-id: "636262870658447738"
  Assets:Checking:Primary  -90.00 DKK
  Expenses:Food:Restaurant  90.00 DKK

2017-03-28 * "MobilePay Ren Cykel / Ren Bil" "Værksted & reservedele" #spiir
  spiir-id: "636263770173157663"
  Assets:Checking:Primary  -169.00 DKK
  Expenses:Car:Service  169.00 DKK

2017-03-30 * "MobilePay: Signe Poulsen" "Fly & Hotel" #spiir
  spiir-id: "636265651852400894"
  Assets:Checking:Primary  1118.00 DKK
  Expenses:Travel:Transport  -1118.00 DKK

2017-03-30 * "Lønoverførsel" "Løn" #spiir
  spiir-id: "636265651852400895"
  Assets:Checking:Primary  25294.33 DKK
  Income:Salary  -25294.33 DKK

2017-03-31 * "Husleje" "" #spiir
  spiir-id: "636265651852400896"
  Assets:Checking:Primary  -4595.00 DKK
  Expenses:Uncategorized  4595.00 DKK

2017-03-31 * "Sporvejen" "Bar, cafe & restaurant" #spiir
  spiir-id: "636266419013272848"
  Assets:Checking:Primary  -117.00 DKK
  Expenses:Food:Restaurant  117.00 DKK

2017-03-31 * "Overtræksrente" "Udlånsrenter" #spiir
  spiir-id: "636266419013272849"
  Assets:Checking:Primary  -0.19 DKK
  Expenses:Loans:Interest  0.19 DKK

2017-03-31 * "Gebyrer i alt" "Bankgebyrer" #spiir
  spiir-id: "636266419013272850"
  Assets:Checking:Primary  -35.00 DKK
  Expenses:Bank:Fees  35.00 DKK

2017-03-31 * "Gebyr - PATRICK OG SIGNE POULSEN" "Bankgebyrer" #spiir
  spiir-id: "636266419013272851"
  Assets:Checking:Primary  -30.00 DKK
  Expenses:Bank:Fees  30.00 DKK

2017-04-01 * "MobilePay: Karim Ljung" "Tobak & alkohol" #spiir
  spiir-id: "636267198894426030"
  Assets:Checking:Primary  200.00 DKK
  Expenses:Food:Alcohol  -200.00 DKK

2017-04-01 * "MobilePay: Tim" "Tobak & alkohol" #spiir
  spiir-id: "636267198894426031"
  Assets:Checking:Primary  228.00 DKK
  Expenses:Food:Alcohol  -228.00 DKK

2017-04-01 * "MobilePay: Karim Ljung" "Tobak & alkohol" #spiir
  spiir-id: "636267198894426032"
  Assets:Checking:Primary  28.00 DKK
  Expenses:Food:Alcohol  -28.00 DKK

2017-04-01 * "MobilePay: Peter A" "Tobak & alkohol" #spiir
  spiir-id: "636267198894426033"
  Assets:Checking:Primary  228.00 DKK
  Expenses:Food:Alcohol  -228.00 DKK

2017-04-01 * "MobilePay: Lauge Jepsen" "Tobak & alkohol" #spiir
  spiir-id: "636267198894426034"
  Assets:Checking:Primary  228.00 DKK
  Expenses:Food:Alcohol  -228.00 DKK

2017-04-01 * "Lo-Jos Social" "Bar, cafe & restaurant" #spiir
  spiir-id: "636268320520804427"
  Assets:Checking:Primary  -350.00 DKK
  Expenses:Food:Restaurant  350.00 DKK

2017-04-01 * "Falafel-House 2012" "Bar, cafe & restaurant" #spiir
  spiir-id: "636268320520804428"
  Assets:Checking:Primary  -73.00 DKK
  Expenses:Food:Restaurant  73.00 DKK

2017-04-01 * "Cafe Tænk" "Bar, cafe & restaurant" #spiir
  spiir-id: "636268320520804429"
  Assets:Checking:Primary  -152.00 DKK
  Expenses:Food:Restaurant  152.00 DKK

2017-04-01 * "KIOSK" "Kiosk, bager & specialbutikker" #spiir
  spiir-id: "636268320520804430"
  Assets:Checking:Primary  -16.00 DKK
  Expenses:Food:Kiosk  16.00 DKK

2017-04-01 * "SHELL HERLEV" "Brændstof" #spiir
  spiir-id: "636268320520804431"
  Assets:Checking:Primary  -57.95 DKK
  Expenses:Car:Gas  57.95 DKK

2017-04-01 * "Netto Landemærket" "Dagligvarer" #spiir
  spiir-id: "636268320520804432"
  Assets:Checking:Primary  -8.25 DKK
  Expenses:Food:Groceries  8.25 DKK

2017-04-02 * "MobilePay Tim" "Tobak & alkohol" #spiir
  spiir-id: "636268320520804425"
  Assets:Checking:Primary  -424.00 DKK
  Expenses:Food:Alcohol  424.00 DKK

2017-04-02 * "MobilePay Københavns Squash Klub" "Sport & fritid" #spiir
  spiir-id: "636268320520804426"
  Assets:Checking:Primary  -180.00 DKK
  Expenses:Entertainment:Sports  180.00 DKK

2017-04-02 * "Balderdash" "Bar, cafe & restaurant" #spiir
  spiir-id: "636268320520804433"
  Assets:Checking:Primary  -1140.00 DKK
  Expenses:Food:Restaurant  1140.00 DKK

2017-04-02 * "Café Salonen ApS" "Bar, cafe & restaurant" #spiir
  spiir-id: "636268320520804434"
  Assets:Checking:Primary  -115.00 DKK
  Expenses:Food:Restaurant  115.00 DKK

2017-04-03 * "EL" "" #spiir
  spiir-id: "636268320520804435"
  Assets:Checking:Primary  -367.00 DKK
  Expenses:Uncategorized  367.00 DKK

2017-04-03 * "Madbudget" "" #spiir
  spiir-id: "636268320520804436"
  Assets:Checking:Primary  -2000.00 DKK
  Expenses:Uncategorized  2000.00 DKK

2017-04-03 * "Far" "Gaver & velgørenhed" #spiir
  spiir-id: "636268320520804437"
  Assets:Checking:Primary  -1000.00 DKK
  Expenses:Gifts  1000.00 DKK

2017-04-03 * "VDK DKK 1960,00" "Fly & Hotel" #spiir
  spiir-id: "636268320520804438"
  Assets:Checking:Primary  -1960.00 DKK
  Expenses:Travel:Transport  1960.00 DKK

2017-04-03 * "Dbkk" "Sport & fritid" #spiir
  spiir-id: "636268320520804439"
  Assets:Checking:Primary  -359.00 DKK
  Expenses:Entertainment:Sports  359.00 DKK

2017-04-03 * "Fiol Optik" "Briller & kontaktlinser" #spiir
  spiir-id: "636268320520804440"
  Assets:Checking:Primary  -330.00 DKK
  Expenses:Health:Vision  330.00 DKK

2017-04-03 * "3 (hi3g Denmark Aps)" "Telefoni & internet" #spiir
  spiir-id: "636268320520804441"
  Assets:Checking:Primary  -420.14 DKK
  Expenses:Subscriptions:Telecom  420.14 DKK

2017-04-03 * "Akademikernes A-Kasse" "Fagforening & a-kasse" #spiir
  spiir-id: "636268320520804442"
  Assets:Checking:Primary  -1302.00 DKK
  Expenses:Insurance:Union  1302.00 DKK

2017-04-03 * "Fitness DK" "Sport & fritid" #spiir
  spiir-id: "636268320520804443"
  Assets:Checking:Primary  -338.75 DKK
  Expenses:Entertainment:Sports  338.75 DKK

2017-04-03 * "Gebyrer i alt" "Bankgebyrer" #spiir
  spiir-id: "636269257968634901"
  Assets:Checking:Primary  -5.00 DKK
  Expenses:Bank:Fees  5.00 DKK

2017-04-04 * "MobilePay Bear Coffee" "Bar, cafe & restaurant" #spiir
  spiir-id: "636269257968634902"
  Assets:Checking:Primary  -30.00 DKK
  Expenses:Food:Restaurant  30.00 DKK

2017-04-05 * "VDK DKK 2254,18" "Fly & Hotel" #spiir
  spiir-id: "636269770020338491"
  Assets:Checking:Primary  -2254.18 DKK
  Expenses:Travel:Transport  2254.18 DKK

2017-04-05 * "Føtex Vesterbrogad" "Dagligvarer" #spiir
  spiir-id: "636270605670951317"
  Assets:Checking:Primary  -59.50 DKK
  Expenses:Food:Groceries  59.50 DKK

2017-04-06 * "MobilePay Frisør Hans" "Frisør & personlig pleje" #spiir
  spiir-id: "636270804228884811"
  Assets:Checking:Primary  -180.00 DKK
  Expenses:Shopping:Personal-Care  180.00 DKK

2017-04-06 * "Islands Brygge Wok" "Fastfood & takeaway" #spiir
  spiir-id: "636271439505087160"
  Assets:Checking:Primary  -89.00 DKK
  Expenses:Food:Takeaway  89.00 DKK

2017-04-06 * "LIDL" "Dagligvarer" #spiir
  spiir-id: "636271439505087161"
  Assets:Checking:Primary  -74.90 DKK
  Expenses:Food:Groceries  74.90 DKK

2017-04-07 * "VDK DKK 100,00" "Tøj, sko & accessories" #spiir
  spiir-id: "636271439505087162"
  Assets:Checking:Primary  -100.00 DKK
  Expenses:Shopping:Clothing  100.00 DKK

2017-04-07 * "Croissanten" "Fastfood & takeaway" #spiir
  spiir-id: "636272252818544484"
  Assets:Checking:Primary  -29.00 DKK
  Expenses:Food:Takeaway  29.00 DKK

2017-04-08 * "VDK DKK 62,00" "Film, musik & læsestof" #spiir
  spiir-id: "636274037448569409"
  Assets:Checking:Primary  -62.00 DKK
  Expenses:Entertainment:Media  62.00 DKK

2017-04-08 * "G.A.Y CPH" "Bar, cafe & restaurant" #spiir
  spiir-id: "636274037448569410"
  Assets:Checking:Primary  -20.00 DKK
  Expenses:Food:Restaurant  20.00 DKK

2017-04-08 * "G.A.Y CPH" "Bar, cafe & restaurant" #spiir
  spiir-id: "636274037448569411"
  Assets:Checking:Primary  -42.00 DKK
  Expenses:Food:Restaurant  42.00 DKK

2017-04-08 * "Restaurationsselsk" "Bar, cafe & restaurant" #spiir
  spiir-id: "636274037448569412"
  Assets:Checking:Primary  -123.00 DKK
  Expenses:Food:Restaurant  123.00 DKK

2017-04-08 * "CINEMAXX FISKETORV" "Biograf, koncerter & forlystelser" #spiir
  spiir-id: "636274037448569413"
  Assets:Checking:Primary  -164.00 DKK
  Expenses:Entertainment:Events  164.00 DKK

2017-04-09 * "JUST EAT.DK ApS" "Fastfood & takeaway" #spiir
  spiir-id: "636274037448569414"
  Assets:Checking:Primary  -90.10 DKK
  Expenses:Food:Takeaway  90.10 DKK

2017-04-09 * "Stefanos Pizza" "Fastfood & takeaway" #spiir
  spiir-id: "636274037448569415"
  Assets:Checking:Primary  -60.00 DKK
  Expenses:Food:Takeaway  60.00 DKK

2017-04-09 * "FLAMINGO KEBAB ApS" "Fastfood & takeaway" #spiir
  spiir-id: "636274037448569416"
  Assets:Checking:Primary  -20.00 DKK
  Expenses:Food:Takeaway  20.00 DKK

2017-04-10 * "FLAMINGO KEBAB ApS" "Fastfood & takeaway" #spiir
  spiir-id: "636274864294405381"
  Assets:Checking:Primary  -40.00 DKK
  Expenses:Food:Takeaway  40.00 DKK

2017-04-11 * "VDK USD 7,00" "Online services & software" #spiir
  spiir-id: "636274864294405382"
  Assets:Checking:Primary  -50.17 DKK
  Expenses:Subscriptions:Software  50.17 DKK

2017-04-11 * "VDK DKK 190,00" "Ukendt" #spiir
  spiir-id: "636274864294405383"
  Assets:Checking:Primary  -190.00 DKK
  Expenses:Other  190.00 DKK

2017-04-11 * "VDK DKK 1194,00" "Fly & Hotel" #spiir
  spiir-id: "636274864294405384"
  Assets:Checking:Primary  1194.00 DKK
  Expenses:Travel:Transport  -1194.00 DKK

2017-04-11 * "OVERSKYDENDE SKAT" "Overskydende skat" #spiir
  spiir-id: "636274864294405385"
  Assets:Checking:Primary  3669.00 DKK
  Income:Tax:Refund  -3669.00 DKK

2017-04-11 * "MobilePay: Orion Madsen" "Gaver & velgørenhed" #spiir
  spiir-id: "636275735128970918"
  Assets:Checking:Primary  435.00 DKK
  Expenses:Gifts  -435.00 DKK

2017-04-11 * "KVICKLY NØRREBRO" "Dagligvarer" #spiir
  spiir-id: "636275735128970919"
  Assets:Checking:Primary  -170.70 DKK
  Expenses:Food:Groceries  170.70 DKK

2017-04-11 * "FLAMINGO KEBAB ApS" "Fastfood & takeaway" #spiir
  spiir-id: "636275735128970920"
  Assets:Checking:Primary  -20.00 DKK
  Expenses:Food:Takeaway  20.00 DKK

2017-04-11 * "LIDL" "Dagligvarer" #spiir
  spiir-id: "636275735128970921"
  Assets:Checking:Primary  -19.00 DKK
  Expenses:Food:Groceries  19.00 DKK

2017-04-11 * "LIDL" "Dagligvarer" #spiir
  spiir-id: "636275735128970922"
  Assets:Checking:Primary  -110.85 DKK
  Expenses:Food:Groceries  110.85 DKK

2017-04-12 * "Croissanten" "Fastfood & takeaway" #spiir
  spiir-id: "636276565291286492"
  Assets:Checking:Primary  -29.00 DKK
  Expenses:Food:Takeaway  29.00 DKK

2017-04-12 * "KONYALI" "Fastfood & takeaway" #spiir
  spiir-id: "636276565291286493"
  Assets:Checking:Primary  -25.00 DKK
  Expenses:Food:Takeaway  25.00 DKK

2017-04-12 * "Pumpehuset" "Bar, cafe & restaurant" #spiir
  spiir-id: "636276565291286494"
  Assets:Checking:Primary  -20.00 DKK
  Expenses:Food:Restaurant  20.00 DKK

2017-04-13 * "Pumpehuset" "Bar, cafe & restaurant" #spiir
  spiir-id: "636280900211140799"
  Assets:Checking:Primary  -280.00 DKK
  Expenses:Food:Restaurant  280.00 DKK

2017-04-13 * "Restaurationsselsk" "Bar, cafe & restaurant" #spiir
  spiir-id: "636280900211140800"
  Assets:Checking:Primary  -78.00 DKK
  Expenses:Food:Restaurant  78.00 DKK

2017-04-13 * "Pumpehuset" "Bar, cafe & restaurant" #spiir
  spiir-id: "636280900211140801"
  Assets:Checking:Primary  -50.00 DKK
  Expenses:Food:Restaurant  50.00 DKK

2017-04-13 * "Pumpehuset" "Bar, cafe & restaurant" #spiir
  spiir-id: "636280900211140802"
  Assets:Checking:Primary  -50.00 DKK
  Expenses:Food:Restaurant  50.00 DKK

2017-04-13 * "Pumpehuset" "Bar, cafe & restaurant" #spiir
  spiir-id: "636280900211140803"
  Assets:Checking:Primary  -40.00 DKK
  Expenses:Food:Restaurant  40.00 DKK

2017-04-13 * "FLAMINGO KEBAB ApS" "Fastfood & takeaway" #spiir
  spiir-id: "636280900211140804"
  Assets:Checking:Primary  -20.00 DKK
  Expenses:Food:Takeaway  20.00 DKK

2017-04-13 * "FLAMINGO KEBAB ApS" "Fastfood & takeaway" #spiir
  spiir-id: "636280900211140805"
  Assets:Checking:Primary  -22.00 DKK
  Expenses:Food:Takeaway  22.00 DKK

2017-04-14 * "MobilePay Orion Madsen" "Ombygning & vedligehold" #spiir
  spiir-id: "636278312948830812"
  Assets:Checking:Primary  -160.00 DKK
  Expenses:House:Renovation  160.00 DKK

2017-04-14 * "KIHOSKH A/S" "Kiosk, bager & specialbutikker" #spiir
  spiir-id: "636280900211140806"
  Assets:Checking:Primary  -20.00 DKK
  Expenses:Food:Kiosk  20.00 DKK

2017-04-14 * "KIHOSKH A/S" "Kiosk, bager & specialbutikker" #spiir
  spiir-id: "636280900211140807"
  Assets:Checking:Primary  -29.00 DKK
  Expenses:Food:Kiosk  29.00 DKK

2017-04-14 * "Netto Frederikssun" "Dagligvarer" #spiir
  spiir-id: "636280900211140808"
  Assets:Checking:Primary  -59.95 DKK
  Expenses:Food:Groceries  59.95 DKK

2017-04-14 * "Issa Marked" "Kiosk, bager & specialbutikker" #spiir
  spiir-id: "636280900211140809"
  Assets:Checking:Primary  -90.00 DKK
  Expenses:Food:Kiosk  90.00 DKK

2017-04-15 * "Issa Marked" "Kiosk, bager & specialbutikker" #spiir
  spiir-id: "636280900211140810"
  Assets:Checking:Primary  -12.00 DKK
  Expenses:Food:Kiosk  12.00 DKK

2017-04-15 * "Føtex Nørrebro" "Dagligvarer" #spiir
  spiir-id: "636280900211140811"
  Assets:Checking:Primary  -138.65 DKK
  Expenses:Food:Groceries  138.65 DKK

2017-04-15 * "Mobilbillet" "Bus, tog, færge o.l." #spiir
  spiir-id: "636280900211140812"
  Assets:Checking:Primary  -150.00 DKK
  Expenses:Transport:Public  150.00 DKK

2017-04-18 * "Føtex Nørrebro" "Dagligvarer" #spiir
  spiir-id: "636281881914521584"
  Assets:Checking:Primary  -45.50 DKK
  Expenses:Food:Groceries  45.50 DKK

2017-04-18 * "Sø-konditoriet" "Kiosk, bager & specialbutikker" #spiir
  spiir-id: "636281881914521585"
  Assets:Checking:Primary  -12.00 DKK
  Expenses:Food:Kiosk  12.00 DKK

2017-04-18 * "Espresso House Tor" "Bar, cafe & restaurant" #spiir
  spiir-id: "636281881914521586"
  Assets:Checking:Primary  -34.00 DKK
  Expenses:Food:Restaurant  34.00 DKK

2017-04-18 * "fivestar" "Fastfood & takeaway" #spiir
  spiir-id: "636281881914521587"
  Assets:Checking:Primary  -28.00 DKK
  Expenses:Food:Takeaway  28.00 DKK

2017-04-18 * "fivestar" "Fastfood & takeaway" #spiir
  spiir-id: "636281881914521588"
  Assets:Checking:Primary  -20.00 DKK
  Expenses:Food:Takeaway  20.00 DKK

2017-04-19 * "VDK SEK 95,00" "Ferieaktiviteter" #spiir
  spiir-id: "636281881914521589"
  Assets:Checking:Primary  -74.95 DKK
  Expenses:Travel:Activities  74.95 DKK

2017-04-19 * "VDK SEK 105,00" "Ferieaktiviteter" #spiir
  spiir-id: "636281881914521590"
  Assets:Checking:Primary  -82.80 DKK
  Expenses:Travel:Activities  82.80 DKK

2017-04-19 * "VDK SEK 87,00" "Ferieaktiviteter" #spiir
  spiir-id: "636281881914521591"
  Assets:Checking:Primary  -68.60 DKK
  Expenses:Travel:Activities  68.60 DKK

2017-04-19 * "VDK SEK 6,00" "Ferieaktiviteter" #spiir
  spiir-id: "636281881914521592"
  Assets:Checking:Primary  -4.73 DKK
  Expenses:Travel:Activities  4.73 DKK

2017-04-19 * "VDK SEK 49,30" "Ferieaktiviteter" #spiir
  spiir-id: "636281881914521593"
  Assets:Checking:Primary  -38.87 DKK
  Expenses:Travel:Activities  38.87 DKK

2017-04-19 * "VDK SEK 25,00" "Ferieaktiviteter" #spiir
  spiir-id: "636281881914521594"
  Assets:Checking:Primary  -19.71 DKK
  Expenses:Travel:Activities  19.71 DKK

2017-04-19 * "VDK DKK 99,00" "Film, musik & læsestof" #spiir
  spiir-id: "636281881914521595"
  Assets:Checking:Primary  -99.00 DKK
  Expenses:Entertainment:Media  99.00 DKK

2017-04-19 * "VDK USD 17,19" "Film, musik & læsestof" #spiir
  spiir-id: "636281881914521596"
  Assets:Checking:Primary  -122.94 DKK
  Expenses:Entertainment:Media  122.94 DKK

2017-04-19 * "Kaffehuset 183 ApS" "Bar, cafe & restaurant" #spiir
  spiir-id: "636282693259370723"
  Assets:Checking:Primary  -109.00 DKK
  Expenses:Food:Restaurant  109.00 DKK

2017-04-19 * "HIND MARKED" "Dagligvarer" #spiir
  spiir-id: "636282693259370724"
  Assets:Checking:Primary  -15.00 DKK
  Expenses:Food:Groceries  15.00 DKK

2017-04-19 * "Kaffehuset 183 ApS" "Bar, cafe & restaurant" #spiir
  spiir-id: "636282693259370725"
  Assets:Checking:Primary  -30.00 DKK
  Expenses:Food:Restaurant  30.00 DKK

2017-04-19 * "Big Apple ApS" "Elektronik & computerudstyr" #spiir
  spiir-id: "636282693259370726"
  Assets:Checking:Primary  -50.00 DKK
  Expenses:Shopping:Electronics  50.00 DKK

2017-04-19 * "LIDL" "Dagligvarer" #spiir
  spiir-id: "636282693259370727"
  Assets:Checking:Primary  -101.45 DKK
  Expenses:Food:Groceries  101.45 DKK

2017-04-19 * "KONYALI" "Fastfood & takeaway" #spiir
  spiir-id: "636282693259370728"
  Assets:Checking:Primary  -15.00 DKK
  Expenses:Food:Takeaway  15.00 DKK

2017-04-19 * "Mobilbillet" "Bus, tog, færge o.l." #spiir
  spiir-id: "636282693259370729"
  Assets:Checking:Primary  -150.00 DKK
  Expenses:Transport:Public  150.00 DKK

2017-04-20 * "VDK USD 13,12" "Ukendt" #spiir
  spiir-id: "636282693259370730"
  Assets:Checking:Primary  -93.59 DKK
  Expenses:Other  93.59 DKK

2017-04-20 * "VDK DKK 32,00" "Ferieaktiviteter" #spiir
  spiir-id: "636282693259370731"
  Assets:Checking:Primary  -32.00 DKK
  Expenses:Travel:Activities  32.00 DKK

2017-04-20 * "VDK USD 12,47" "Ukendt" #spiir
  spiir-id: "636282693259370732"
  Assets:Checking:Primary  -88.95 DKK
  Expenses:Other  88.95 DKK

2017-04-20 * "Pølse Kompagniet A" "Fastfood & takeaway" #spiir
  spiir-id: "636283545822676405"
  Assets:Checking:Primary  -59.00 DKK
  Expenses:Food:Takeaway  59.00 DKK

2017-04-20 * "SPEJDER SPORT" "Tøj, sko & accessories" #spiir
  spiir-id: "636283545822676406"
  Assets:Checking:Primary  -903.90 DKK
  Expenses:Shopping:Clothing  903.90 DKK

2017-04-20 * "FLAMINGO KEBAB ApS" "Fastfood & takeaway" #spiir
  spiir-id: "636283545822676407"
  Assets:Checking:Primary  -20.00 DKK
  Expenses:Food:Takeaway  20.00 DKK

2017-04-20 * "LIDL" "Dagligvarer" #spiir
  spiir-id: "636283545822676408"
  Assets:Checking:Primary  -61.75 DKK
  Expenses:Food:Groceries  61.75 DKK

2017-04-20 * "fivestar" "Fastfood & takeaway" #spiir
  spiir-id: "636283545822676409"
  Assets:Checking:Primary  -28.00 DKK
  Expenses:Food:Takeaway  28.00 DKK

2017-04-20 * "fivestar" "Fastfood & takeaway" #spiir
  spiir-id: "636283545822676410"
  Assets:Checking:Primary  -20.00 DKK
  Expenses:Food:Takeaway  20.00 DKK

2017-04-21 * "FLAMINGO KEBAB ApS" "Fastfood & takeaway" #spiir
  spiir-id: "636284418416438502"
  Assets:Checking:Primary  -20.00 DKK
  Expenses:Food:Takeaway  20.00 DKK

2017-04-21 * "Kassen" "Bar, cafe & restaurant" #spiir
  spiir-id: "636284418416438503"
  Assets:Checking:Primary  -80.00 DKK
  Expenses:Food:Restaurant  80.00 DKK

2017-04-21 * "Kassen" "Bar, cafe & restaurant" #spiir
  spiir-id: "636284418416438504"
  Assets:Checking:Primary  -80.00 DKK
  Expenses:Food:Restaurant  80.00 DKK

2017-04-21 * "Kassen" "Bar, cafe & restaurant" #spiir
  spiir-id: "636284418416438505"
  Assets:Checking:Primary  -80.00 DKK
  Expenses:Food:Restaurant  80.00 DKK

2017-04-21 * "Kassen" "Bar, cafe & restaurant" #spiir
  spiir-id: "636286043800284476"
  Assets:Checking:Primary  -160.00 DKK
  Expenses:Food:Restaurant  160.00 DKK

2017-04-21 * "Kassen" "Bar, cafe & restaurant" #spiir
  spiir-id: "636286043800284477"
  Assets:Checking:Primary  -80.00 DKK
  Expenses:Food:Restaurant  80.00 DKK

2017-04-22 * "Kassen" "Bar, cafe & restaurant" #spiir
  spiir-id: "636286043800284478"
  Assets:Checking:Primary  -80.00 DKK
  Expenses:Food:Restaurant  80.00 DKK

2017-04-22 * "BEYTI ApS" "Fastfood & takeaway" #spiir
  spiir-id: "636286043800284479"
  Assets:Checking:Primary  -69.00 DKK
  Expenses:Food:Takeaway  69.00 DKK

2017-04-22 * "Beat Butik" "Film, musik & læsestof" #spiir
  spiir-id: "636286043800284480"
  Assets:Checking:Primary  -300.00 DKK
  Expenses:Entertainment:Media  300.00 DKK

2017-04-22 * "Curry nation Aps" "Fastfood & takeaway" #spiir
  spiir-id: "636286043800284481"
  Assets:Checking:Primary  -39.00 DKK
  Expenses:Food:Takeaway  39.00 DKK

2017-04-22 * "Curry nation Aps" "Fastfood & takeaway" #spiir
  spiir-id: "636286043800284482"
  Assets:Checking:Primary  -99.00 DKK
  Expenses:Food:Takeaway  99.00 DKK

2017-04-23 * "hungry.dk" "Fastfood & takeaway" #spiir
  spiir-id: "636286043800284483"
  Assets:Checking:Primary  -134.74 DKK
  Expenses:Food:Takeaway  134.74 DKK

2017-04-24 * "MobilePay WeShare" "Ferieaktiviteter" #spiir
  spiir-id: "636286912012832656"
  Assets:Checking:Primary  -720.50 DKK
  Expenses:Travel:Activities  720.50 DKK

2017-04-24 * "Cortado v/Khalid Q" "Bar, cafe & restaurant" #spiir
  spiir-id: "636286912012832657"
  Assets:Checking:Primary  -25.00 DKK
  Expenses:Food:Restaurant  25.00 DKK

2017-04-24 * "Wefood Nørrebro" "Dagligvarer" #spiir
  spiir-id: "636286912012832658"
  Assets:Checking:Primary  -4.00 DKK
  Expenses:Food:Groceries  4.00 DKK

2017-04-25 * "VDK DKK 32,00" "Ferieaktiviteter" #spiir
  spiir-id: "636286912012832659"
  Assets:Checking:Primary  -32.00 DKK
  Expenses:Travel:Activities  32.00 DKK

2017-04-25 * "MobilePay: Daniel Grant" "Bar, cafe & restaurant" #spiir
  spiir-id: "636287777314425770"
  Assets:Checking:Primary  75.00 DKK
  Expenses:Food:Restaurant  -75.00 DKK

2017-04-25 * "Mundo ApS" "Bar, cafe & restaurant" #spiir
  spiir-id: "636287777314425771"
  Assets:Checking:Primary  -150.00 DKK
  Expenses:Food:Restaurant  150.00 DKK

2017-04-25 * "VAFFELBAGEREN I/S" "Kiosk, bager & specialbutikker" #spiir
  spiir-id: "636287777314425772"
  Assets:Checking:Primary  -40.00 DKK
  Expenses:Food:Kiosk  40.00 DKK

2017-04-26 * "VDK USD 41,26" "Film, musik & læsestof" #spiir
  spiir-id: "636287777314425773"
  Assets:Checking:Primary  -291.80 DKK
  Expenses:Entertainment:Media  291.80 DKK

2017-04-26 * "MobilePay: Signe Poulsen" "Biograf, koncerter & forlystelser" #spiir
  spiir-id: "636288655410236359"
  Assets:Checking:Primary  290.00 DKK
  Expenses:Entertainment:Events  -290.00 DKK

2017-04-26 * "E BILLET A/S" "Biograf, koncerter & forlystelser" #spiir
  spiir-id: "636288655410236360"
  Assets:Checking:Primary  -581.39 DKK
  Expenses:Entertainment:Events  581.39 DKK

2017-04-26 * "Slagter Mustafa's" "Kiosk, bager & specialbutikker" #spiir
  spiir-id: "636288655410236361"
  Assets:Checking:Primary  -119.00 DKK
  Expenses:Food:Kiosk  119.00 DKK

2017-04-26 * "KIHOSKH A/S" "Kiosk, bager & specialbutikker" #spiir
  spiir-id: "636288655410236362"
  Assets:Checking:Primary  -46.00 DKK
  Expenses:Food:Kiosk  46.00 DKK

2017-04-26 * "Shamshad Marked Ap" "Dagligvarer" #spiir
  spiir-id: "636288655410236363"
  Assets:Checking:Primary  -45.00 DKK
  Expenses:Food:Groceries  45.00 DKK

2017-04-27 * "VDK DKK 34,00" "Bar, cafe & restaurant" #spiir
  spiir-id: "636288655410236364"
  Assets:Checking:Primary  -34.00 DKK
  Expenses:Food:Restaurant  34.00 DKK

2017-04-27 * "VDK DKK 34,00" "Bar, cafe & restaurant" #spiir
  spiir-id: "636288655410236365"
  Assets:Checking:Primary  -34.00 DKK
  Expenses:Food:Restaurant  34.00 DKK

2017-04-27 * "DSB København H To" "Bus, tog, færge o.l." #spiir
  spiir-id: "636289602874481583"
  Assets:Checking:Primary  -5.00 DKK
  Expenses:Transport:Public  5.00 DKK

2017-04-27 * "Lønoverførsel" "Løn" #spiir
  spiir-id: "636289602874481584"
  Assets:Checking:Primary  29242.33 DKK
  Income:Salary  -29242.33 DKK

2017-04-28 * "Husleje" "" #spiir
  spiir-id: "636289602874481585"
  Assets:Checking:Primary  -4595.00 DKK
  Expenses:Uncategorized  4595.00 DKK

2017-04-29 * "Dbkk" "Sport & fritid" #spiir
  spiir-id: "636292175362151646"
  Assets:Checking:Primary  -359.00 DKK
  Expenses:Entertainment:Sports  359.00 DKK

2017-04-29 * "Fiol Optik" "Briller & kontaktlinser" #spiir
  spiir-id: "636292175362151647"
  Assets:Checking:Primary  -330.00 DKK
  Expenses:Health:Vision  330.00 DKK

2017-04-29 * "Fitness DK" "Sport & fritid" #spiir
  spiir-id: "636292175362151648"
  Assets:Checking:Primary  -338.75 DKK
  Expenses:Entertainment:Sports  338.75 DKK

2017-04-29 * "Tryg" "Indbo- & familieforsikring" #spiir
  spiir-id: "636292175362151649"
  Assets:Checking:Primary  -126.30 DKK
  Expenses:House:Contents-Insurance  126.30 DKK

2017-04-29 * "Tryg" "Indbo- & familieforsikring" #spiir
  spiir-id: "636292175362151650"
  Assets:Checking:Primary  -188.98 DKK
  Expenses:House:Contents-Insurance  188.98 DKK

2017-04-29 * "3 (hi3g Denmark Aps)" "Telefoni & internet" #spiir
  spiir-id: "636292175362151651"
  Assets:Checking:Primary  -419.25 DKK
  Expenses:Subscriptions:Telecom  419.25 DKK

2017-05-01 * "EL" "" #spiir
  spiir-id: "636292175362151652"
  Assets:Checking:Primary  -367.00 DKK
  Expenses:Uncategorized  367.00 DKK

2017-05-01 * "Madbudget" "" #spiir
  spiir-id: "636292175362151653"
  Assets:Checking:Primary  -2000.00 DKK
  Expenses:Uncategorized  2000.00 DKK

2017-05-01 * "Far" "Gaver & velgørenhed" #spiir
  spiir-id: "636292175362151654"
  Assets:Checking:Primary  -1000.00 DKK
  Expenses:Gifts  1000.00 DKK

2017-05-01 * "Gebyrer i alt" "Bankgebyrer" #spiir
  spiir-id: "636292988196305425"
  Assets:Checking:Primary  -5.00 DKK
  Expenses:Bank:Fees  5.00 DKK

2017-05-02 * "Kaf' bar 9" "Bar, cafe & restaurant" #spiir
  spiir-id: "636293822747312688"
  Assets:Checking:Primary  -35.00 DKK
  Expenses:Food:Restaurant  35.00 DKK

2017-05-02 * "FLAMINGO KEBAB ApS" "Fastfood & takeaway" #spiir
  spiir-id: "636293822747312689"
  Assets:Checking:Primary  -20.00 DKK
  Expenses:Food:Takeaway  20.00 DKK

2017-05-02 * "MobilePay Orion Madsen" "Gaver & velgørenhed" #spiir
  spiir-id: "636293822747312690"
  Assets:Checking:Primary  -2700.00 DKK
  Expenses:Gifts  2700.00 DKK

2017-05-03 * "VDK DKK 51,00" "Ukendt" #spiir
  spiir-id: "636293822747312691"
  Assets:Checking:Primary  -51.00 DKK
  Expenses:Other  51.00 DKK

2017-05-03 * "MobilePay Frisør Hans" "Frisør & personlig pleje" #spiir
  spiir-id: "636294680392119770"
  Assets:Checking:Primary  -180.00 DKK
  Expenses:Shopping:Personal-Care  180.00 DKK

2017-05-04 * "Kaf' bar 9" "Bar, cafe & restaurant" #spiir
  spiir-id: "636295549520837614"
  Assets:Checking:Primary  -35.00 DKK
  Expenses:Food:Restaurant  35.00 DKK

2017-05-05 * "Ingeniørforeningen" "Fagforening & a-kasse" #spiir
  spiir-id: "636295549520837615"
  Assets:Checking:Primary  -878.25 DKK
  Expenses:Insurance:Union  878.25 DKK

2017-05-05 * "Provianten" "Dagligvarer" #spiir
  spiir-id: "636296410972655787"
  Assets:Checking:Primary  -41.85 DKK
  Expenses:Food:Groceries  41.85 DKK

2017-05-06 * "MobilePay Økokompagniet" "Dagligvarer" #spiir
  spiir-id: "636296625267362456"
  Assets:Checking:Primary  -60.00 DKK
  Expenses:Food:Groceries  60.00 DKK

2017-05-06 * "MobilePay Økokompagniet" "Dagligvarer" #spiir
  spiir-id: "636296625267362457"
  Assets:Checking:Primary  -55.00 DKK
  Expenses:Food:Groceries  55.00 DKK

2017-05-06 * "MobilePay den franske lilje" "Dagligvarer" #spiir
  spiir-id: "636296625267362458"
  Assets:Checking:Primary  -35.00 DKK
  Expenses:Food:Groceries  35.00 DKK

2017-05-06 * "VDK DKK 219,71" "Ukendt" #spiir
  spiir-id: "636298250236345113"
  Assets:Checking:Primary  -219.71 DKK
  Expenses:Other  219.71 DKK

2017-05-06 * "Statens Administration S" "Studielån" #spiir
  spiir-id: "636298250236345114"
  Assets:Checking:Primary  -205.00 DKK
  Expenses:Loans:Student  205.00 DKK

2017-05-06 * "Føtex Prinsessegad" "Dagligvarer" #spiir
  spiir-id: "636298250236345115"
  Assets:Checking:Primary  -44.01 DKK
  Expenses:Food:Groceries  44.01 DKK

2017-05-06 * "FRED ASIA HOUSE" "Dagligvarer" #spiir
  spiir-id: "636298250236345116"
  Assets:Checking:Primary  -110.25 DKK
  Expenses:Food:Groceries  110.25 DKK

2017-05-06 * "FRED ASIA HOUSE" "Dagligvarer" #spiir
  spiir-id: "636298250236345117"
  Assets:Checking:Primary  -64.90 DKK
  Expenses:Food:Groceries  64.90 DKK

2017-05-06 * "Føtex Prinsessegad" "Dagligvarer" #spiir
  spiir-id: "636298250236345118"
  Assets:Checking:Primary  -89.00 DKK
  Expenses:Food:Groceries  89.00 DKK

2017-05-07 * "Provianten" "Dagligvarer" #spiir
  spiir-id: "636298250236345119"
  Assets:Checking:Primary  -15.95 DKK
  Expenses:Food:Groceries  15.95 DKK

2017-05-07 * "Føtex Prinsessegad" "Dagligvarer" #spiir
  spiir-id: "636298250236345120"
  Assets:Checking:Primary  -15.00 DKK
  Expenses:Food:Groceries  15.00 DKK

2017-05-08 * "Infoteria Lillebæl" "Fastfood & takeaway" #spiir
  spiir-id: "636298250236345121"
  Assets:Checking:Primary  -19.95 DKK
  Expenses:Food:Takeaway  19.95 DKK

2017-05-08 * "Rødbilletssalg Aps PKULX" "Bus, tog, færge o.l." #spiir
  spiir-id: "636298250236345122"
  Assets:Checking:Primary  -160.00 DKK
  Expenses:Transport:Public  160.00 DKK

2017-05-09 * "Kaf' bar 9" "Bar, cafe & restaurant" #spiir
  spiir-id: "636299956698292877"
  Assets:Checking:Primary  -50.00 DKK
  Expenses:Food:Restaurant  50.00 DKK

2017-05-10 * "COFFEE ROOM ApS" "Bar, cafe & restaurant" #spiir
  spiir-id: "636300757063769287"
  Assets:Checking:Primary  -34.00 DKK
  Expenses:Food:Restaurant  34.00 DKK

2017-05-11 * "VDK USD 7,00" "Online services & software" #spiir
  spiir-id: "636300757063769288"
  Assets:Checking:Primary  -48.92 DKK
  Expenses:Subscriptions:Software  48.92 DKK

2017-05-11 * "VALBY OSTELAGER" "Kiosk, bager & specialbutikker" #spiir
  spiir-id: "636301616974440363"
  Assets:Checking:Primary  -340.00 DKK
  Expenses:Food:Kiosk  340.00 DKK

2017-05-11 * "apotek Spinderiet" "Apotek & medicin" #spiir
  spiir-id: "636301616974440364"
  Assets:Checking:Primary  -113.70 DKK
  Expenses:Health:Pharmacy  113.70 DKK

2017-05-12 * "MobilePay: Orion Madsen" "Gaver & velgørenhed" #spiir
  spiir-id: "636302581843753030"
  Assets:Checking:Primary  190.00 DKK
  Expenses:Gifts  -190.00 DKK

2017-05-13 * "Det Ny Røgeri" "Dagligvarer" #spiir
  spiir-id: "636304293514071205"
  Assets:Checking:Primary  -167.00 DKK
  Expenses:Food:Groceries  167.00 DKK

2017-05-14 * "Mobilbillet" "Bus, tog, færge o.l." #spiir
  spiir-id: "636304293514071206"
  Assets:Checking:Primary  -68.00 DKK
  Expenses:Transport:Public  68.00 DKK

2017-05-15 * "MobilePay P A D" "Fastfood & takeaway" #spiir
  spiir-id: "636305171256671628"
  Assets:Checking:Primary  -400.00 DKK
  Expenses:Food:Takeaway  400.00 DKK

2017-05-16 * "VDK USD 17,19" "Film, musik & læsestof" #spiir
  spiir-id: "636305171256671629"
  Assets:Checking:Primary  -120.17 DKK
  Expenses:Entertainment:Media  120.17 DKK

2017-05-16 * "VDK DKK 50,00" "Ukendt" #spiir
  spiir-id: "636305171256671630"
  Assets:Checking:Primary  -50.00 DKK
  Expenses:Other  50.00 DKK

2017-05-16 * "VDK DKK 99,00" "Film, musik & læsestof" #spiir
  spiir-id: "636305171256671631"
  Assets:Checking:Primary  -99.00 DKK
  Expenses:Entertainment:Media  99.00 DKK

2017-05-16 * "MobilePay Orion Madsen" "Gaver & velgørenhed" #spiir
  spiir-id: "636305440663954198"
  Assets:Checking:Primary  -200.00 DKK
  Expenses:Gifts  200.00 DKK

2017-05-16 * "E BILLET A/S" "Biograf, koncerter & forlystelser" #spiir
  spiir-id: "636306027450136669"
  Assets:Checking:Primary  -206.39 DKK
  Expenses:Entertainment:Events  206.39 DKK

2017-05-16 * "Empire Bio A/S" "Biograf, koncerter & forlystelser" #spiir
  spiir-id: "636306027450136670"
  Assets:Checking:Primary  -134.00 DKK
  Expenses:Entertainment:Events  134.00 DKK

2017-05-17 * "Brus ApS" "Tøj, sko & accessories" #spiir
  spiir-id: "636306891898936148"
  Assets:Checking:Primary  -100.00 DKK
  Expenses:Shopping:Clothing  100.00 DKK

2017-05-17 * "Wok oN" "Fastfood & takeaway" #spiir
  spiir-id: "636306891898936149"
  Assets:Checking:Primary  -102.00 DKK
  Expenses:Food:Takeaway  102.00 DKK

2017-05-19 * "MobilePay: Martin Brandt Ewon" "Fastfood & takeaway" #spiir
  spiir-id: "636307720481136413"
  Assets:Checking:Primary  200.00 DKK
  Expenses:Food:Takeaway  -200.00 DKK

2017-05-19 * "Apoklinik Fisketor" "Apotek & medicin" #spiir
  spiir-id: "636308160631856776"
  Assets:Checking:Primary  -38.95 DKK
  Expenses:Health:Pharmacy  38.95 DKK

2017-05-19 * "interflora.dk" "Gaver & velgørenhed" #spiir
  spiir-id: "636310307317594548"
  Assets:Checking:Primary  -380.00 DKK
  Expenses:Gifts  380.00 DKK

2017-05-20 * "WHS T3 Airside 85" "Ferieaktiviteter" #spiir
  spiir-id: "636310307317594549"
  Assets:Checking:Primary  -26.50 DKK
  Expenses:Travel:Activities  26.50 DKK

2017-05-23 * "VDK EUR 2,50" "Ferieaktiviteter" #spiir
  spiir-id: "636312025037764339"
  Assets:Checking:Primary  -18.92 DKK
  Expenses:Travel:Activities  18.92 DKK

2017-05-25 * "VDK EUR 1,25" "Ukendt" #spiir
  spiir-id: "636316455970548636"
  Assets:Checking:Primary  -9.45 DKK
  Expenses:Other  9.45 DKK

2017-05-25 * "WARPIGS BREWPUB" "Bar, cafe & restaurant" #spiir
  spiir-id: "636316455970548637"
  Assets:Checking:Primary  -285.00 DKK
  Expenses:Food:Restaurant  285.00 DKK

2017-05-26 * "MobilePay Conny Poulsen" "Fly & Hotel" #spiir
  spiir-id: "636314592327841752"
  Assets:Checking:Primary  -590.00 DKK
  Expenses:Travel:Transport  590.00 DKK

2017-05-26 * "Rødbilletssalg Aps QIZX8" "Bus, tog, færge o.l." #spiir
  spiir-id: "636316455970548638"
  Assets:Checking:Primary  -160.00 DKK
  Expenses:Transport:Public  160.00 DKK

2017-05-29 * "Rødbilletssalg Aps QNKJK" "Bus, tog, færge o.l." #spiir
  spiir-id: "636317292742540074"
  Assets:Checking:Primary  -160.00 DKK
  Expenses:Transport:Public  160.00 DKK

2017-05-30 * "VDK EUR 47,22" "Ferieaktiviteter" #spiir
  spiir-id: "636317292742540075"
  Assets:Checking:Primary  -356.80 DKK
  Expenses:Travel:Activities  356.80 DKK

2017-05-30 * "VDK EUR 9,90" "Ferieaktiviteter" #spiir
  spiir-id: "636317292742540076"
  Assets:Checking:Primary  -74.81 DKK
  Expenses:Travel:Activities  74.81 DKK

2017-05-30 * "VDK EUR 67,95" "Tobak & alkohol" #spiir
  spiir-id: "636317292742540077"
  Assets:Checking:Primary  -513.41 DKK
  Expenses:Food:Alcohol  513.41 DKK

2017-05-30 * "Lønoverførsel" "Løn" #spiir
  spiir-id: "636318182618943519"
  Assets:Checking:Primary  27870.05 DKK
  Income:Salary  -27870.05 DKK

2017-05-31 * "VDK DKK 2369,00" "Fly & Hotel" #spiir
  spiir-id: "636318182618943520"
  Assets:Checking:Primary  -2369.00 DKK
  Expenses:Travel:Transport  2369.00 DKK

2017-05-31 * "Husleje" "" #spiir
  spiir-id: "636318182618943521"
  Assets:Checking:Primary  -4595.00 DKK
  Expenses:Uncategorized  4595.00 DKK

2017-06-01 * "EL" "" #spiir
  spiir-id: "636319032914551293"
  Assets:Checking:Primary  -367.00 DKK
  Expenses:Uncategorized  367.00 DKK

2017-06-01 * "Madbudget" "" #spiir
  spiir-id: "636319032914551294"
  Assets:Checking:Primary  -2000.00 DKK
  Expenses:Uncategorized  2000.00 DKK

2017-06-01 * "Far" "Gaver & velgørenhed" #spiir
  spiir-id: "636319032914551295"
  Assets:Checking:Primary  -1000.00 DKK
  Expenses:Gifts  1000.00 DKK

2017-06-01 * "Fitness DK" "Sport & fritid" #spiir
  spiir-id: "636319032914551296"
  Assets:Checking:Primary  -338.75 DKK
  Expenses:Entertainment:Sports  338.75 DKK

2017-06-01 * "3 (hi3g Denmark Aps)" "Telefoni & internet" #spiir
  spiir-id: "636319032914551297"
  Assets:Checking:Primary  -419.25 DKK
  Expenses:Subscriptions:Telecom  419.25 DKK

2017-06-01 * "Fiol Optik" "Briller & kontaktlinser" #spiir
  spiir-id: "636319032914551298"
  Assets:Checking:Primary  -330.00 DKK
  Expenses:Health:Vision  330.00 DKK

2017-06-01 * "Dbkk" "Sport & fritid" #spiir
  spiir-id: "636319032914551299"
  Assets:Checking:Primary  -359.00 DKK
  Expenses:Entertainment:Sports  359.00 DKK

2017-06-01 * "TRYK BAR ApS" "Bar, cafe & restaurant" #spiir
  spiir-id: "636319841614363108"
  Assets:Checking:Primary  -54.00 DKK
  Expenses:Food:Restaurant  54.00 DKK

2017-06-01 * "Gebyrer i alt" "Bankgebyrer" #spiir
  spiir-id: "636319841614363109"
  Assets:Checking:Primary  -5.00 DKK
  Expenses:Bank:Fees  5.00 DKK

2017-06-02 * "Netto Nørrevold" "Dagligvarer" #spiir
  spiir-id: "636320701117058450"
  Assets:Checking:Primary  -58.45 DKK
  Expenses:Food:Groceries  58.45 DKK

2017-06-02 * "Netto Nørrevold" "Dagligvarer" #spiir
  spiir-id: "636320701117058451"
  Assets:Checking:Primary  -78.00 DKK
  Expenses:Food:Groceries  78.00 DKK

2017-06-02 * "MobilePay: Vit Schlesinger" "Fastfood & takeaway" #spiir
  spiir-id: "636320701117058452"
  Assets:Checking:Primary  79.00 DKK
  Expenses:Food:Takeaway  -79.00 DKK

2017-06-02 * "MobilePay: Stefano Pretto" "Fastfood & takeaway" #spiir
  spiir-id: "636320701117058453"
  Assets:Checking:Primary  79.00 DKK
  Expenses:Food:Takeaway  -79.00 DKK

2017-06-02 * "MobilePay: Toby Moore" "Fastfood & takeaway" #spiir
  spiir-id: "636320701117058454"
  Assets:Checking:Primary  79.00 DKK
  Expenses:Food:Takeaway  -79.00 DKK

2017-06-02 * "MobilePay: Carlos Filipe Pinto Da Conceicao" "Fastfood & takeaway" #spiir
  spiir-id: "636320701117058455"
  Assets:Checking:Primary  79.00 DKK
  Expenses:Food:Takeaway  -79.00 DKK

2017-06-02 * "MobilePay: Kelly Gadegaard Strong" "Fastfood & takeaway" #spiir
  spiir-id: "636320701117058456"
  Assets:Checking:Primary  79.00 DKK
  Expenses:Food:Takeaway  -79.00 DKK

2017-06-02 * "La Perla" "Bar, cafe & restaurant" #spiir
  spiir-id: "636320701117058457"
  Assets:Checking:Primary  -553.00 DKK
  Expenses:Food:Restaurant  553.00 DKK

2017-06-02 * "MobilePay: Dumitru Zavrotschi" "Fastfood & takeaway" #spiir
  spiir-id: "636320701117058458"
  Assets:Checking:Primary  79.00 DKK
  Expenses:Food:Takeaway  -79.00 DKK

2017-06-03 * "MobilePay DSB" "Bus, tog, færge o.l." #spiir
  spiir-id: "636320701117058459"
  Assets:Checking:Primary  -132.00 DKK
  Expenses:Transport:Public  132.00 DKK

2017-06-03 * "MobilePay DSB" "Bus, tog, færge o.l." #spiir
  spiir-id: "636321494577335329"
  Assets:Checking:Primary  -36.00 DKK
  Expenses:Transport:Public  36.00 DKK

2017-06-03 * "DSB Nørreport Aut" "Bus, tog, færge o.l." #spiir
  spiir-id: "636323343273672485"
  Assets:Checking:Primary  -24.00 DKK
  Expenses:Transport:Public  24.00 DKK

2017-06-03 * "Koldkrigs Museum S" "Biograf, koncerter & forlystelser" #spiir
  spiir-id: "636323343273672486"
  Assets:Checking:Primary  -16.00 DKK
  Expenses:Entertainment:Events  16.00 DKK

2017-06-03 * "SuperB Hårlev" "Dagligvarer" #spiir
  spiir-id: "636323343273672487"
  Assets:Checking:Primary  -127.00 DKK
  Expenses:Food:Groceries  127.00 DKK

2017-06-04 * "MobilePay DSB" "Bus, tog, færge o.l." #spiir
  spiir-id: "636322400892303116"
  Assets:Checking:Primary  -124.00 DKK
  Expenses:Transport:Public  124.00 DKK

2017-06-04 * "DSB 7-Eleven Køge" "Kiosk, bager & specialbutikker" #spiir
  spiir-id: "636323343273672488"
  Assets:Checking:Primary  -35.95 DKK
  Expenses:Food:Kiosk  35.95 DKK

2017-06-05 * "MobilePay WeShare" "Ferieaktiviteter" #spiir
  spiir-id: "636323343273672484"
  Assets:Checking:Primary  -148.92 DKK
  Expenses:Travel:Activities  148.92 DKK

2017-06-06 * "Kaf' bar 9" "Bar, cafe & restaurant" #spiir
  spiir-id: "636324095144450174"
  Assets:Checking:Primary  -35.00 DKK
  Expenses:Food:Restaurant  35.00 DKK

2017-06-06 * "Copenhagen boulder" "Sport & fritid" #spiir
  spiir-id: "636324095144450175"
  Assets:Checking:Primary  -110.00 DKK
  Expenses:Entertainment:Sports  110.00 DKK

2017-06-07 * "VDK DKK 9,00" "Ukendt" #spiir
  spiir-id: "636324095144450176"
  Assets:Checking:Primary  -9.00 DKK
  Expenses:Other  9.00 DKK

2017-06-08 * "MobilePay: Toby Moore" "Ferieaktiviteter" #spiir
  spiir-id: "636325851099291562"
  Assets:Checking:Primary  150.00 DKK
  Expenses:Travel:Activities  -150.00 DKK

2017-06-08 * "Kaf' bar 9" "Bar, cafe & restaurant" #spiir
  spiir-id: "636325851099291563"
  Assets:Checking:Primary  -45.00 DKK
  Expenses:Food:Restaurant  45.00 DKK

2017-06-08 * "Balderdash" "Bar, cafe & restaurant" #spiir
  spiir-id: "636325851099291564"
  Assets:Checking:Primary  -700.00 DKK
  Expenses:Food:Restaurant  700.00 DKK

2017-06-08 * "Falafel-House" "Fastfood & takeaway" #spiir
  spiir-id: "636325851099291565"
  Assets:Checking:Primary  -75.00 DKK
  Expenses:Food:Takeaway  75.00 DKK

2017-06-08 * "The Bird and The C" "Bar, cafe & restaurant" #spiir
  spiir-id: "636325851099291566"
  Assets:Checking:Primary  -60.00 DKK
  Expenses:Food:Restaurant  60.00 DKK

2017-06-09 * "VDK DKK 1311,00" "Ombygning & vedligehold" #spiir
  spiir-id: "636325851099291567"
  Assets:Checking:Primary  -1311.00 DKK
  Expenses:House:Renovation  1311.00 DKK

2017-06-10 * "MobilePay Tim" "Fastfood & takeaway" #spiir
  spiir-id: "636327515825730295"
  Assets:Checking:Primary  -70.00 DKK
  Expenses:Food:Takeaway  70.00 DKK

2017-06-10 * "VDK DKK 235,00" "Online services & software" #spiir
  spiir-id: "636328496015150121"
  Assets:Checking:Primary  -235.00 DKK
  Expenses:Subscriptions:Software  235.00 DKK

2017-06-10 * "VDK DKK 60,00" "Fastfood & takeaway" #spiir
  spiir-id: "636328496015150122"
  Assets:Checking:Primary  -60.00 DKK
  Expenses:Food:Takeaway  60.00 DKK

2017-06-13 * "VDK USD 7,00" "Online services & software" #spiir
  spiir-id: "636329359099964830"
  Assets:Checking:Primary  -47.56 DKK
  Expenses:Subscriptions:Software  47.56 DKK

2017-06-13 * "Kafferiet" "Bar, cafe & restaurant" #spiir
  spiir-id: "636330238173864298"
  Assets:Checking:Primary  -35.00 DKK
  Expenses:Food:Restaurant  35.00 DKK

2017-06-13 * "MobilePay Frisør Hans" "Frisør & personlig pleje" #spiir
  spiir-id: "636330238173864299"
  Assets:Checking:Primary  -180.00 DKK
  Expenses:Shopping:Personal-Care  180.00 DKK

2017-06-14 * "VDK DKK 99,00" "Film, musik & læsestof" #spiir
  spiir-id: "636330238173864300"
  Assets:Checking:Primary  -99.00 DKK
  Expenses:Entertainment:Media  99.00 DKK

2017-06-14 * "MobilePay: Jørn Schou-Rode" "Bar, cafe & restaurant" #spiir
  spiir-id: "636331006186109855"
  Assets:Checking:Primary  10.00 DKK
  Expenses:Food:Restaurant  -10.00 DKK

2017-06-15 * "YOBURGER" "Bar, cafe & restaurant" #spiir
  spiir-id: "636331006186109856"
  Assets:Checking:Primary  -30.00 DKK
  Expenses:Food:Restaurant  30.00 DKK

2017-06-15 * "VDK USD 17,19" "Film, musik & læsestof" #spiir
  spiir-id: "636331006186109857"
  Assets:Checking:Primary  -116.59 DKK
  Expenses:Entertainment:Media  116.59 DKK

2017-06-15 * "Kaf' bar 9" "Bar, cafe & restaurant" #spiir
  spiir-id: "636331835638631389"
  Assets:Checking:Primary  -35.00 DKK
  Expenses:Food:Restaurant  35.00 DKK

2017-06-16 * "VDK EUR 145,00" "Ferieaktiviteter" #spiir
  spiir-id: "636331835638631390"
  Assets:Checking:Primary  -1094.66 DKK
  Expenses:Travel:Activities  1094.66 DKK

2017-06-16 * "COFFEE ROOM ApS" "Bar, cafe & restaurant" #spiir
  spiir-id: "636332714050034381"
  Assets:Checking:Primary  -34.00 DKK
  Expenses:Food:Restaurant  34.00 DKK

2017-06-16 * "MobilePay Morten Bang" "Fastfood & takeaway" #spiir
  spiir-id: "636332714050034382"
  Assets:Checking:Primary  -142.50 DKK
  Expenses:Food:Takeaway  142.50 DKK

2017-06-16 * "KIHOSKH A/S" "Kiosk, bager & specialbutikker" #spiir
  spiir-id: "636332714050034383"
  Assets:Checking:Primary  -66.00 DKK
  Expenses:Food:Kiosk  66.00 DKK

2017-06-16 * "Boutique Lize" "Bar, cafe & restaurant" #spiir
  spiir-id: "636332714050034384"
  Assets:Checking:Primary  -70.00 DKK
  Expenses:Food:Restaurant  70.00 DKK

2017-06-16 * "Berlin Bar ApS" "Bar, cafe & restaurant" #spiir
  spiir-id: "636334550694495401"
  Assets:Checking:Primary  -108.00 DKK
  Expenses:Food:Restaurant  108.00 DKK

2017-06-17 * "FLAMINGO KEBAB ApS" "Fastfood & takeaway" #spiir
  spiir-id: "636334550694495402"
  Assets:Checking:Primary  -42.00 DKK
  Expenses:Food:Takeaway  42.00 DKK

2017-06-17 * "Kaf' bar 9" "Bar, cafe & restaurant" #spiir
  spiir-id: "636334550694495403"
  Assets:Checking:Primary  -70.00 DKK
  Expenses:Food:Restaurant  70.00 DKK

2017-06-17 * "Samsøe & Samsøe Kø" "Tøj, sko & accessories" #spiir
  spiir-id: "636334550694495404"
  Assets:Checking:Primary  -1770.00 DKK
  Expenses:Shopping:Clothing  1770.00 DKK

2017-06-18 * "MobilePay Islands Brygge Wok" "Fastfood & takeaway" #spiir
  spiir-id: "636334550694495400"
  Assets:Checking:Primary  -89.00 DKK
  Expenses:Food:Takeaway  89.00 DKK

2017-06-18 * "goshopping.dk" "Møbler & boligudstyr" #spiir
  spiir-id: "636334550694495405"
  Assets:Checking:Primary  -3706.10 DKK
  Expenses:Shopping:Furniture  3706.10 DKK

2017-06-20 * "VDK DKK 693,96" "Tøj, sko & accessories" #spiir
  spiir-id: "636335423527093858"
  Assets:Checking:Primary  -693.96 DKK
  Expenses:Shopping:Clothing  693.96 DKK

2017-06-21 * "VDK DKK 36,00" "Fastfood & takeaway" #spiir
  spiir-id: "636336294186476709"
  Assets:Checking:Primary  -36.00 DKK
  Expenses:Food:Takeaway  36.00 DKK

2017-06-21 * "MobilePay Jan Dalsgaard" "Gaver & velgørenhed" #spiir
  spiir-id: "636337094206990861"
  Assets:Checking:Primary  -500.00 DKK
  Expenses:Gifts  500.00 DKK

2017-06-21 * "MobilePay Islands Brygge Wok" "Fastfood & takeaway" #spiir
  spiir-id: "636337094206990862"
  Assets:Checking:Primary  -178.00 DKK
  Expenses:Food:Takeaway  178.00 DKK

2017-06-22 * "MobilePay Tina Jensen" "Gaver & velgørenhed" #spiir
  spiir-id: "636337094206990863"
  Assets:Checking:Primary  -800.00 DKK
  Expenses:Gifts  800.00 DKK

2017-06-22 * "Kaf' bar 9" "Bar, cafe & restaurant" #spiir
  spiir-id: "636337954255099542"
  Assets:Checking:Primary  -60.00 DKK
  Expenses:Food:Restaurant  60.00 DKK

2017-06-25 * "MobilePay Niels Chr. Kragh" "Dagligvarer" #spiir
  spiir-id: "636340496260153342"
  Assets:Checking:Primary  -2500.00 DKK
  Expenses:Food:Groceries  2500.00 DKK

2017-06-25 * "WeShare: Henne Mølle Å + Ko" "Ferieaktiviteter" #spiir
  spiir-id: "636340496260153343"
  Assets:Checking:Primary  601.00 DKK
  Expenses:Travel:Activities  -601.00 DKK

2017-06-25 * "Q8 Service - 8192" "Brændstof" #spiir
  spiir-id: "636340496260153344"
  Assets:Checking:Primary  -20.00 DKK
  Expenses:Car:Gas  20.00 DKK

2017-06-26 * "Mobilbillet" "Bus, tog, færge o.l." #spiir
  spiir-id: "636341418973875868"
  Assets:Checking:Primary  -36.00 DKK
  Expenses:Transport:Public  36.00 DKK

2017-06-26 * "Lagkagehuset" "Kiosk, bager & specialbutikker" #spiir
  spiir-id: "636341418973875869"
  Assets:Checking:Primary  -39.00 DKK
  Expenses:Food:Kiosk  39.00 DKK

2017-06-26 * "Gebr. Heinemann" "Bar, cafe & restaurant" #spiir
  spiir-id: "636341418973875870"
  Assets:Checking:Primary  -96.00 DKK
  Expenses:Food:Restaurant  96.00 DKK

2017-06-28 * "VDK EUR 2,20" "Ferieaktiviteter" #spiir
  spiir-id: "636342241227129084"
  Assets:Checking:Primary  -16.61 DKK
  Expenses:Travel:Activities  16.61 DKK

2017-06-28 * "VDK DKK 530,00" "Ferieaktiviteter" #spiir
  spiir-id: "636342241227129085"
  Assets:Checking:Primary  -530.00 DKK
  Expenses:Travel:Activities  530.00 DKK

2017-06-28 * "VDK EUR 13,94" "Ferieaktiviteter" #spiir
  spiir-id: "636342241227129086"
  Assets:Checking:Primary  -105.25 DKK
  Expenses:Travel:Activities  105.25 DKK

2017-06-29 * "VDK EUR 3,00" "Ferieaktiviteter" #spiir
  spiir-id: "636343160979066609"
  Assets:Checking:Primary  -22.64 DKK
  Expenses:Travel:Activities  22.64 DKK

2017-06-29 * "VDK EUR 8,72" "Ferieaktiviteter" #spiir
  spiir-id: "636343160979066610"
  Assets:Checking:Primary  -65.82 DKK
  Expenses:Travel:Activities  65.82 DKK

2017-06-29 * "VDK EUR 8,10" "Ferieaktiviteter" #spiir
  spiir-id: "636343160979066611"
  Assets:Checking:Primary  -61.14 DKK
  Expenses:Travel:Activities  61.14 DKK

2017-06-29 * "VDK EUR 1,85" "Ferieaktiviteter" #spiir
  spiir-id: "636343160979066612"
  Assets:Checking:Primary  -13.97 DKK
  Expenses:Travel:Activities  13.97 DKK

2017-06-29 * "VDK EUR 4,95" "Ferieaktiviteter" #spiir
  spiir-id: "636343160979066613"
  Assets:Checking:Primary  -37.36 DKK
  Expenses:Travel:Activities  37.36 DKK

2017-06-29 * "VDK EUR 40,00" "Ferieaktiviteter" #spiir
  spiir-id: "636343160979066614"
  Assets:Checking:Primary  -301.95 DKK
  Expenses:Travel:Activities  301.95 DKK

2017-06-29 * "WeShare: Signe og Patrick" "Dagligvarer" #spiir
  spiir-id: "636343264384406656"
  Assets:Checking:Primary  3037.50 DKK
  Expenses:Food:Groceries  -3037.50 DKK

2017-06-29 * "WeShare: Signe og Patrick" "Dagligvarer" #spiir
  spiir-id: "636343264384406657"
  Assets:Checking:Primary  625.00 DKK
  Expenses:Food:Groceries  -625.00 DKK

2017-06-29 * "Lønoverførsel" "Løn" #spiir
  spiir-id: "636344091271604930"
  Assets:Checking:Primary  25294.33 DKK
  Income:Salary  -25294.33 DKK

2017-06-30 * "VDK EUR 5,76" "Fastfood & takeaway" #spiir
  spiir-id: "636344091271604931"
  Assets:Checking:Primary  -43.48 DKK
  Expenses:Food:Takeaway  43.48 DKK

2017-06-30 * "VDK EUR 4,56" "Fastfood & takeaway" #spiir
  spiir-id: "636344091271604932"
  Assets:Checking:Primary  -34.43 DKK
  Expenses:Food:Takeaway  34.43 DKK

2017-06-30 * "VDK EUR 3,05" "Online services & software" #spiir
  spiir-id: "636344091271604933"
  Assets:Checking:Primary  -23.03 DKK
  Expenses:Subscriptions:Software  23.03 DKK

2017-06-30 * "Husleje" "" #spiir
  spiir-id: "636344091271604934"
  Assets:Checking:Primary  -4595.00 DKK
  Expenses:Uncategorized  4595.00 DKK

2017-06-30 * "SPEJDER SPORT" "Tøj, sko & accessories" #spiir
  spiir-id: "636344926565896839"
  Assets:Checking:Primary  -799.00 DKK
  Expenses:Shopping:Clothing  799.00 DKK

2017-06-30 * "Mobilbillet" "Bus, tog, færge o.l." #spiir
  spiir-id: "636344926565896840"
  Assets:Checking:Primary  -36.00 DKK
  Expenses:Transport:Public  36.00 DKK

2017-06-30 * "Gebyrer i alt" "Bankgebyrer" #spiir
  spiir-id: "636344926565896841"
  Assets:Checking:Primary  -30.00 DKK
  Expenses:Bank:Fees  30.00 DKK

2017-06-30 * "Gebyr - PATRICK OG SIGNE POULSEN" "Bankgebyrer" #spiir
  spiir-id: "636344926565896842"
  Assets:Checking:Primary  -30.00 DKK
  Expenses:Bank:Fees  30.00 DKK

2017-07-01 * "VDK EUR 8,00" "Ferieaktiviteter" #spiir
  spiir-id: "636346780118170938"
  Assets:Checking:Primary  -60.40 DKK
  Expenses:Travel:Activities  60.40 DKK

2017-07-01 * "VDK EUR 11,60" "Ferieaktiviteter" #spiir
  spiir-id: "636346780118170939"
  Assets:Checking:Primary  -87.58 DKK
  Expenses:Travel:Activities  87.58 DKK

2017-07-01 * "VDK EUR 3,00" "Ferieaktiviteter" #spiir
  spiir-id: "636346780118170940"
  Assets:Checking:Primary  -22.65 DKK
  Expenses:Travel:Activities  22.65 DKK

2017-07-01 * "VDK EUR 265,30" "Hobby & sportsudstyr" #spiir
  spiir-id: "636346780118170941"
  Assets:Checking:Primary  -2003.02 DKK
  Expenses:Shopping:Sports  2003.02 DKK

2017-07-01 * "VDK EUR 2,55" "Fastfood & takeaway" #spiir
  spiir-id: "636346780118170942"
  Assets:Checking:Primary  -19.25 DKK
  Expenses:Food:Takeaway  19.25 DKK

2017-07-01 * "VDK EUR 4,95" "Ferieaktiviteter" #spiir
  spiir-id: "636346780118170943"
  Assets:Checking:Primary  -37.37 DKK
  Expenses:Travel:Activities  37.37 DKK

2017-07-01 * "VDK EUR 16,21" "Fastfood & takeaway" #spiir
  spiir-id: "636346780118170944"
  Assets:Checking:Primary  -122.39 DKK
  Expenses:Food:Takeaway  122.39 DKK

2017-07-01 * "3 (hi3g Denmark Aps)" "Telefoni & internet" #spiir
  spiir-id: "636346780118170945"
  Assets:Checking:Primary  -445.25 DKK
  Expenses:Subscriptions:Telecom  445.25 DKK

2017-07-01 * "Akademikernes A-Kasse" "Fagforening & a-kasse" #spiir
  spiir-id: "636346780118170946"
  Assets:Checking:Primary  -1302.00 DKK
  Expenses:Insurance:Union  1302.00 DKK

2017-07-01 * "Fitness DK" "Sport & fritid" #spiir
  spiir-id: "636346780118170947"
  Assets:Checking:Primary  -338.75 DKK
  Expenses:Entertainment:Sports  338.75 DKK

2017-07-01 * "Fiol Optik" "Briller & kontaktlinser" #spiir
  spiir-id: "636346780118170948"
  Assets:Checking:Primary  -330.00 DKK
  Expenses:Health:Vision  330.00 DKK

2017-07-01 * "Dbkk" "Sport & fritid" #spiir
  spiir-id: "636346780118170949"
  Assets:Checking:Primary  -359.00 DKK
  Expenses:Entertainment:Sports  359.00 DKK

2017-07-01 * "Delurans Blomster" "Gaver & velgørenhed" #spiir
  spiir-id: "636346780118170950"
  Assets:Checking:Primary  -250.00 DKK
  Expenses:Gifts  250.00 DKK

2017-07-02 * "MobilePay DSB" "Bus, tog, færge o.l." #spiir
  spiir-id: "636345808019612406"
  Assets:Checking:Primary  -184.00 DKK
  Expenses:Transport:Public  184.00 DKK

2017-07-02 * "DSB 7-Eleven Kokkd" "Kiosk, bager & specialbutikker" #spiir
  spiir-id: "636346780118170951"
  Assets:Checking:Primary  -39.00 DKK
  Expenses:Food:Kiosk  39.00 DKK

2017-07-03 * "EL" "" #spiir
  spiir-id: "636346780118170952"
  Assets:Checking:Primary  -367.00 DKK
  Expenses:Uncategorized  367.00 DKK

2017-07-03 * "Madbudget" "" #spiir
  spiir-id: "636346780118170953"
  Assets:Checking:Primary  -2000.00 DKK
  Expenses:Uncategorized  2000.00 DKK

2017-07-03 * "Far" "Gaver & velgørenhed" #spiir
  spiir-id: "636346780118170954"
  Assets:Checking:Primary  -1000.00 DKK
  Expenses:Gifts  1000.00 DKK

2017-07-03 * "Kaf' bar 9" "Bar, cafe & restaurant" #spiir
  spiir-id: "636346780118170955"
  Assets:Checking:Primary  -55.00 DKK
  Expenses:Food:Restaurant  55.00 DKK

2017-07-03 * "Gebyrer i alt" "Bankgebyrer" #spiir
  spiir-id: "636347521147290037"
  Assets:Checking:Primary  -5.00 DKK
  Expenses:Bank:Fees  5.00 DKK

2017-07-04 * "VDK EUR 5,50" "Ferieaktiviteter" #spiir
  spiir-id: "636347521147290038"
  Assets:Checking:Primary  -41.52 DKK
  Expenses:Travel:Activities  41.52 DKK

2017-07-04 * "VDK EUR 1,85" "Ferieaktiviteter" #spiir
  spiir-id: "636347521147290039"
  Assets:Checking:Primary  -13.97 DKK
  Expenses:Travel:Activities  13.97 DKK

2017-07-04 * "VDK EUR 2,90" "Ferieaktiviteter" #spiir
  spiir-id: "636347521147290040"
  Assets:Checking:Primary  -21.89 DKK
  Expenses:Travel:Activities  21.89 DKK

2017-07-04 * "VDK EUR 6,90" "Ferieaktiviteter" #spiir
  spiir-id: "636347521147290041"
  Assets:Checking:Primary  -52.10 DKK
  Expenses:Travel:Activities  52.10 DKK

2017-07-04 * "VDK EUR 5,94" "Fastfood & takeaway" #spiir
  spiir-id: "636347521147290042"
  Assets:Checking:Primary  -44.84 DKK
  Expenses:Food:Takeaway  44.84 DKK

2017-07-04 * "VDK EUR 6,42" "Ferieaktiviteter" #spiir
  spiir-id: "636347521147290043"
  Assets:Checking:Primary  -48.48 DKK
  Expenses:Travel:Activities  48.48 DKK

2017-07-04 * "VDK EUR 12,90" "Ferieaktiviteter" #spiir
  spiir-id: "636347521147290044"
  Assets:Checking:Primary  -97.40 DKK
  Expenses:Travel:Activities  97.40 DKK

2017-07-04 * "Kaf' bar 9" "Bar, cafe & restaurant" #spiir
  spiir-id: "636347728013768898"
  Assets:Checking:Primary  -35.00 DKK
  Expenses:Food:Restaurant  35.00 DKK

2017-07-05 * "VDK EUR 4,40" "Ferieaktiviteter" #spiir
  spiir-id: "636348458574308967"
  Assets:Checking:Primary  -33.22 DKK
  Expenses:Travel:Activities  33.22 DKK

2017-07-05 * "VDK EUR 28,20" "Ferieaktiviteter" #spiir
  spiir-id: "636348458574308968"
  Assets:Checking:Primary  -212.91 DKK
  Expenses:Travel:Activities  212.91 DKK

2017-07-05 * "VDK EUR 41,50" "Ferieaktiviteter" #spiir
  spiir-id: "636348458574308969"
  Assets:Checking:Primary  -313.32 DKK
  Expenses:Travel:Activities  313.32 DKK

2017-07-05 * "MobilePay Milena Nikolova" "Sport & fritid" #spiir
  spiir-id: "636349277536334619"
  Assets:Checking:Primary  -45.00 DKK
  Expenses:Entertainment:Sports  45.00 DKK

2017-07-05 * "MobilePay Frisør Hans" "Frisør & personlig pleje" #spiir
  spiir-id: "636349277536334620"
  Assets:Checking:Primary  -180.00 DKK
  Expenses:Shopping:Personal-Care  180.00 DKK

2017-07-05 * "Islands Brygge Wok" "Fastfood & takeaway" #spiir
  spiir-id: "636349277536334621"
  Assets:Checking:Primary  -89.00 DKK
  Expenses:Food:Takeaway  89.00 DKK

2017-07-06 * "Kaf' bar 9" "Bar, cafe & restaurant" #spiir
  spiir-id: "636350138588165363"
  Assets:Checking:Primary  -30.00 DKK
  Expenses:Food:Restaurant  30.00 DKK

2017-07-07 * "Spejder Sport A/S" "Hobby & sportsudstyr" #spiir
  spiir-id: "636350871654071493"
  Assets:Checking:Primary  -508.00 DKK
  Expenses:Shopping:Sports  508.00 DKK

2017-07-07 * "FRILUFTSLAND A/S" "Tøj, sko & accessories" #spiir
  spiir-id: "636350871654071494"
  Assets:Checking:Primary  -1292.40 DKK
  Expenses:Shopping:Clothing  1292.40 DKK

2017-07-08 * "PH" "Ukendt" #spiir
  spiir-id: "636351764183998212"
  Assets:Checking:Primary  -81.00 DKK
  Expenses:Other  81.00 DKK

2017-07-08 * "WeShare: Signe og Patrick" "Dagligvarer" #spiir
  spiir-id: "636351764183998213"
  Assets:Checking:Primary  122.00 DKK
  Expenses:Food:Groceries  -122.00 DKK

2017-07-08 * "Statens Administration S" "Studielån" #spiir
  spiir-id: "636352691579494360"
  Assets:Checking:Primary  -205.00 DKK
  Expenses:Loans:Student  205.00 DKK

2017-07-08 * "Joyrun" "Hobby & sportsudstyr" #spiir
  spiir-id: "636352691579494361"
  Assets:Checking:Primary  -74.96 DKK
  Expenses:Shopping:Sports  74.96 DKK

2017-07-08 * "Joyrun" "Hobby & sportsudstyr" #spiir
  spiir-id: "636352691579494362"
  Assets:Checking:Primary  -22.46 DKK
  Expenses:Shopping:Sports  22.46 DKK

2017-07-08 * "FJELD & FRITID" "Tøj, sko & accessories" #spiir
  spiir-id: "636352691579494363"
  Assets:Checking:Primary  -399.00 DKK
  Expenses:Shopping:Clothing  399.00 DKK

2017-07-08 * "The Body Shop Fisk" "Frisør & personlig pleje" #spiir
  spiir-id: "636352691579494364"
  Assets:Checking:Primary  -50.00 DKK
  Expenses:Shopping:Personal-Care  50.00 DKK

2017-07-08 * "Azra ApS" "Kiosk, bager & specialbutikker" #spiir
  spiir-id: "636352691579494365"
  Assets:Checking:Primary  -44.00 DKK
  Expenses:Food:Kiosk  44.00 DKK

2017-07-08 * "CINEMAXX FISKETORV" "Biograf, koncerter & forlystelser" #spiir
  spiir-id: "636352691579494366"
  Assets:Checking:Primary  -244.00 DKK
  Expenses:Entertainment:Events  244.00 DKK

2017-07-09 * "MobilePay: Kelly Gadegaard Strong" "Fastfood & takeaway" #spiir
  spiir-id: "636352691579494359"
  Assets:Checking:Primary  55.00 DKK
  Expenses:Food:Takeaway  -55.00 DKK

2017-07-09 * "Polonus Copenhagen" "Dagligvarer" #spiir
  spiir-id: "636352691579494367"
  Assets:Checking:Primary  -32.00 DKK
  Expenses:Food:Groceries  32.00 DKK

2017-07-09 * "Copenhagen boulder" "Sport & fritid" #spiir
  spiir-id: "636352691579494368"
  Assets:Checking:Primary  -127.00 DKK
  Expenses:Entertainment:Sports  127.00 DKK

2017-07-09 * "Pick A Deli" "Bar, cafe & restaurant" #spiir
  spiir-id: "636352691579494369"
  Assets:Checking:Primary  -204.00 DKK
  Expenses:Food:Restaurant  204.00 DKK

2017-07-10 * "Mobilbillet" "Bus, tog, færge o.l." #spiir
  spiir-id: "636353497419800527"
  Assets:Checking:Primary  -36.00 DKK
  Expenses:Transport:Public  36.00 DKK

2017-07-10 * "Gebr. Heinemann" "Bar, cafe & restaurant" #spiir
  spiir-id: "636353497419800528"
  Assets:Checking:Primary  -10.00 DKK
  Expenses:Food:Restaurant  10.00 DKK

2017-07-10 * "Lagkagehuset" "Kiosk, bager & specialbutikker" #spiir
  spiir-id: "636353497419800529"
  Assets:Checking:Primary  -39.00 DKK
  Expenses:Food:Kiosk  39.00 DKK

2017-07-11 * "VDK EUR 27,70" "Ferieaktiviteter" #spiir
  spiir-id: "636353497419800530"
  Assets:Checking:Primary  -209.30 DKK
  Expenses:Travel:Activities  209.30 DKK

2017-07-11 * "VDK DKK 49,00" "Ferieaktiviteter" #spiir
  spiir-id: "636353497419800531"
  Assets:Checking:Primary  -49.00 DKK
  Expenses:Travel:Activities  49.00 DKK

2017-07-11 * "VDK USD 7,00" "Online services & software" #spiir
  spiir-id: "636353497419800532"
  Assets:Checking:Primary  -46.67 DKK
  Expenses:Subscriptions:Software  46.67 DKK

2017-07-12 * "VDK EUR 8,60" "Ferieaktiviteter" #spiir
  spiir-id: "636354431619443625"
  Assets:Checking:Primary  -64.93 DKK
  Expenses:Travel:Activities  64.93 DKK

2017-07-12 * "VDK EUR 2,50" "Ferieaktiviteter" #spiir
  spiir-id: "636354431619443626"
  Assets:Checking:Primary  -18.88 DKK
  Expenses:Travel:Activities  18.88 DKK

2017-07-12 * "VDK USD 41,26" "Film, musik & læsestof" #spiir
  spiir-id: "636354431619443627"
  Assets:Checking:Primary  -274.98 DKK
  Expenses:Entertainment:Media  274.98 DKK

2017-07-12 * "ATM UDBET VISA UDL" "Kontanthævning & check" #spiir
  spiir-id: "636355320515265656"
  Assets:Checking:Primary  -30.00 DKK
  Expenses:Cash  30.00 DKK

2017-07-13 * "VDK DKK 774,44" "Ferieaktiviteter" #spiir
  spiir-id: "636355320515265657"
  Assets:Checking:Primary  -774.44 DKK
  Expenses:Travel:Activities  774.44 DKK

2017-07-13 * "ATM UDBET VISA UDL" "Kontanthævning & check" #spiir
  spiir-id: "636356191493303505"
  Assets:Checking:Primary  -30.00 DKK
  Expenses:Cash  30.00 DKK

2017-07-14 * "VDK EUR 2,50" "Ferieaktiviteter" #spiir
  spiir-id: "636356191493303506"
  Assets:Checking:Primary  -18.87 DKK
  Expenses:Travel:Activities  18.87 DKK

2017-07-14 * "VDK EUR 50,00" "Ferieaktiviteter" #spiir
  spiir-id: "636356191493303507"
  Assets:Checking:Primary  -377.47 DKK
  Expenses:Travel:Activities  377.47 DKK

2017-07-14 * "VDK DKK 99,00" "Film, musik & læsestof" #spiir
  spiir-id: "636356191493303508"
  Assets:Checking:Primary  -99.00 DKK
  Expenses:Entertainment:Media  99.00 DKK

2017-07-14 * "VDK EUR 7,94" "Ferieaktiviteter" #spiir
  spiir-id: "636356191493303509"
  Assets:Checking:Primary  -59.95 DKK
  Expenses:Travel:Activities  59.95 DKK

2017-07-14 * "VDK EUR 12,00" "Ferieaktiviteter" #spiir
  spiir-id: "636356191493303510"
  Assets:Checking:Primary  -90.59 DKK
  Expenses:Travel:Activities  90.59 DKK

2017-07-15 * "VDK USD 17,19" "Film, musik & læsestof" #spiir
  spiir-id: "636358656097922032"
  Assets:Checking:Primary  -114.68 DKK
  Expenses:Entertainment:Media  114.68 DKK

2017-07-15 * "VDK EUR 43,50" "Ferieaktiviteter" #spiir
  spiir-id: "636358656097922033"
  Assets:Checking:Primary  -328.42 DKK
  Expenses:Travel:Activities  328.42 DKK

2017-07-16 * "Mobilbillet" "Bus, tog, færge o.l." #spiir
  spiir-id: "636358656097922034"
  Assets:Checking:Primary  -36.00 DKK
  Expenses:Transport:Public  36.00 DKK

2017-07-17 * "Kaffetårnet" "Bar, cafe & restaurant" #spiir
  spiir-id: "636359483873139587"
  Assets:Checking:Primary  -28.00 DKK
  Expenses:Food:Restaurant  28.00 DKK

2017-07-17 * "Mobilbillet" "Bus, tog, færge o.l." #spiir
  spiir-id: "636359483873139588"
  Assets:Checking:Primary  -24.00 DKK
  Expenses:Transport:Public  24.00 DKK

2017-07-17 * "WeShare: Paddle Tennis Smackdown" "Sport & fritid" #spiir
  spiir-id: "636359483873139589"
  Assets:Checking:Primary  80.00 DKK
  Expenses:Entertainment:Sports  -80.00 DKK

2017-07-17 * "WeShare: Paddle Tennis Smackdown" "Sport & fritid" #spiir
  spiir-id: "636359483873139590"
  Assets:Checking:Primary  80.00 DKK
  Expenses:Entertainment:Sports  -80.00 DKK

2017-07-17 * "WeShare: Paddle Tennis Smackdown" "Sport & fritid" #spiir
  spiir-id: "636359483873139591"
  Assets:Checking:Primary  80.00 DKK
  Expenses:Entertainment:Sports  -80.00 DKK

2017-07-17 * "kksport.halbooking" "Sport & fritid" #spiir
  spiir-id: "636359483873139592"
  Assets:Checking:Primary  -320.00 DKK
  Expenses:Entertainment:Sports  320.00 DKK

2017-07-17 * "Mobilbillet" "Bus, tog, færge o.l." #spiir
  spiir-id: "636359483873139593"
  Assets:Checking:Primary  -24.00 DKK
  Expenses:Transport:Public  24.00 DKK

2017-07-18 * "VDK DKK 38,81" "Spil & legetøj" #spiir
  spiir-id: "636359483873139594"
  Assets:Checking:Primary  -38.81 DKK
  Expenses:Kids:Toys  38.81 DKK

2017-07-18 * "VDK EUR 1,70" "Ferieaktiviteter" #spiir
  spiir-id: "636359483873139595"
  Assets:Checking:Primary  -12.83 DKK
  Expenses:Travel:Activities  12.83 DKK

2017-07-18 * "VDK EUR 7,00" "Ferieaktiviteter" #spiir
  spiir-id: "636359483873139596"
  Assets:Checking:Primary  -52.85 DKK
  Expenses:Travel:Activities  52.85 DKK

2017-07-18 * "VDK EUR 30,30" "Ferieaktiviteter" #spiir
  spiir-id: "636359483873139597"
  Assets:Checking:Primary  -228.75 DKK
  Expenses:Travel:Activities  228.75 DKK

2017-07-18 * "VDK EUR 86,15" "Ferieaktiviteter" #spiir
  spiir-id: "636359483873139598"
  Assets:Checking:Primary  -650.39 DKK
  Expenses:Travel:Activities  650.39 DKK

2017-07-18 * "DSB 7-Eleven NPSyd" "Kiosk, bager & specialbutikker" #spiir
  spiir-id: "636360363742657448"
  Assets:Checking:Primary  -80.00 DKK
  Expenses:Food:Kiosk  80.00 DKK

2017-07-18 * "Kaffetårnet" "Bar, cafe & restaurant" #spiir
  spiir-id: "636360363742657449"
  Assets:Checking:Primary  -28.00 DKK
  Expenses:Food:Restaurant  28.00 DKK

2017-07-18 * "Mobilbillet" "Bus, tog, færge o.l." #spiir
  spiir-id: "636360363742657450"
  Assets:Checking:Primary  -24.00 DKK
  Expenses:Transport:Public  24.00 DKK

2017-07-18 * "MobilePay Annettes Pølsevogn" "Fastfood & takeaway" #spiir
  spiir-id: "636360363742657451"
  Assets:Checking:Primary  -28.00 DKK
  Expenses:Food:Takeaway  28.00 DKK

2017-07-18 * "Mobilbillet" "Bus, tog, færge o.l." #spiir
  spiir-id: "636360363742657452"
  Assets:Checking:Primary  -24.00 DKK
  Expenses:Transport:Public  24.00 DKK

2017-07-18 * "Himmeriget" "Bar, cafe & restaurant" #spiir
  spiir-id: "636360363742657453"
  Assets:Checking:Primary  -130.00 DKK
  Expenses:Food:Restaurant  130.00 DKK

2017-07-18 * "Himmeriget" "Bar, cafe & restaurant" #spiir
  spiir-id: "636360363742657454"
  Assets:Checking:Primary  -125.00 DKK
  Expenses:Food:Restaurant  125.00 DKK

2017-07-19 * "Himmeriget" "Bar, cafe & restaurant" #spiir
  spiir-id: "636360363742657455"
  Assets:Checking:Primary  -130.00 DKK
  Expenses:Food:Restaurant  130.00 DKK

2017-07-19 * "Pasha Kebab" "Fastfood & takeaway" #spiir
  spiir-id: "636360363742657456"
  Assets:Checking:Primary  -44.00 DKK
  Expenses:Food:Takeaway  44.00 DKK

2017-07-19 * "VDK EUR 17,45" "Ferieaktiviteter" #spiir
  spiir-id: "636360363742657457"
  Assets:Checking:Primary  -131.75 DKK
  Expenses:Travel:Activities  131.75 DKK

2017-07-19 * "DSB 7-Eleven NPPer" "Kiosk, bager & specialbutikker" #spiir
  spiir-id: "636361250354077121"
  Assets:Checking:Primary  -25.00 DKK
  Expenses:Food:Kiosk  25.00 DKK

2017-07-19 * "Mobilbillet" "Bus, tog, færge o.l." #spiir
  spiir-id: "636361250354077122"
  Assets:Checking:Primary  -24.00 DKK
  Expenses:Transport:Public  24.00 DKK

2017-07-19 * "Mobilbillet" "Bus, tog, færge o.l." #spiir
  spiir-id: "636361250354077123"
  Assets:Checking:Primary  -24.00 DKK
  Expenses:Transport:Public  24.00 DKK

2017-07-19 * "BB blomster ApS" "Gaver & velgørenhed" #spiir
  spiir-id: "636361250354077124"
  Assets:Checking:Primary  -30.00 DKK
  Expenses:Gifts  30.00 DKK

2017-07-20 * "VDK DKK 30,82" "Anden transport" #spiir
  spiir-id: "636361250354077125"
  Assets:Checking:Primary  -30.82 DKK
  Expenses:Transport:Other  30.82 DKK

2017-07-20 * "Mobilbillet" "Bus, tog, færge o.l." #spiir
  spiir-id: "636362186947944359"
  Assets:Checking:Primary  -24.00 DKK
  Expenses:Transport:Public  24.00 DKK

2017-07-20 * "Croissanten" "Fastfood & takeaway" #spiir
  spiir-id: "636362186947944360"
  Assets:Checking:Primary  -38.00 DKK
  Expenses:Food:Takeaway  38.00 DKK

2017-07-20 * "GRØNDAL Multicente" "Sport & fritid" #spiir
  spiir-id: "636362186947944361"
  Assets:Checking:Primary  -170.00 DKK
  Expenses:Entertainment:Sports  170.00 DKK

2017-07-20 * "Mobilbillet" "Bus, tog, færge o.l." #spiir
  spiir-id: "636362186947944362"
  Assets:Checking:Primary  -24.00 DKK
  Expenses:Transport:Public  24.00 DKK

2017-07-20 * "Irma Nørre Voldg" "Dagligvarer" #spiir
  spiir-id: "636362186947944363"
  Assets:Checking:Primary  -12.00 DKK
  Expenses:Food:Groceries  12.00 DKK

2017-07-20 * "Islands Brygge Wok" "Fastfood & takeaway" #spiir
  spiir-id: "636362186947944364"
  Assets:Checking:Primary  -89.00 DKK
  Expenses:Food:Takeaway  89.00 DKK

2017-07-21 * "VDK DKK 30,82" "Anden transport" #spiir
  spiir-id: "636362186947944365"
  Assets:Checking:Primary  -30.82 DKK
  Expenses:Transport:Other  30.82 DKK

2017-07-21 * "Mobilbillet" "Bus, tog, færge o.l." #spiir
  spiir-id: "636363050248800822"
  Assets:Checking:Primary  -24.00 DKK
  Expenses:Transport:Public  24.00 DKK

2017-07-21 * "M Kgs. Nytorv TVM" "Bus, tog, færge o.l." #spiir
  spiir-id: "636363050248800823"
  Assets:Checking:Primary  -24.00 DKK
  Expenses:Transport:Public  24.00 DKK

2017-07-22 * "VDK DKK 70,00" "Ferieaktiviteter" #spiir
  spiir-id: "636364693422293164"
  Assets:Checking:Primary  -70.00 DKK
  Expenses:Travel:Activities  70.00 DKK

2017-07-22 * "MADKLUBBEN STEAK" "Ignorer" #spiir
  spiir-id: "636364693422293165"
  Assets:Checking:Primary  -1930.00 DKK
  Expenses:Uncategorized  1930.00 DKK

2017-07-22 * "MADKLUBBEN STEAK" "Bar, cafe & restaurant" #spiir
  spiir-id: "636364807949564663"
  Assets:Checking:Primary  -930.00 DKK
  Expenses:Food:Restaurant  930.00 DKK

2017-07-22 * "MADKLUBBEN STEAK" "Gaver & velgørenhed" #spiir
  spiir-id: "636364807949564664"
  Assets:Checking:Primary  -1000.00 DKK
  Expenses:Gifts  1000.00 DKK

2017-07-23 * "MobilePay: Signe Poulsen" "Bar, cafe & restaurant" #spiir
  spiir-id: "636364693422293163"
  Assets:Checking:Primary  600.00 DKK
  Expenses:Food:Restaurant  -600.00 DKK

2017-07-24 * "Mobilbillet" "Bus, tog, færge o.l." #spiir
  spiir-id: "636365608227902647"
  Assets:Checking:Primary  -24.00 DKK
  Expenses:Transport:Public  24.00 DKK

2017-07-24 * "MobilePay: Kasper Jessen" "Ferieaktiviteter" #spiir
  spiir-id: "636365608227902648"
  Assets:Checking:Primary  120.00 DKK
  Expenses:Travel:Activities  -120.00 DKK

2017-07-24 * "Haché Gourmet Burg" "Bar, cafe & restaurant" #spiir
  spiir-id: "636365608227902649"
  Assets:Checking:Primary  -240.00 DKK
  Expenses:Food:Restaurant  240.00 DKK

2017-07-24 * "Mobilbillet" "Bus, tog, færge o.l." #spiir
  spiir-id: "636365608227902650"
  Assets:Checking:Primary  -24.00 DKK
  Expenses:Transport:Public  24.00 DKK

2017-07-24 * "MobilePay" "Ferieaktiviteter" #spiir
  spiir-id: "636365608227902651"
  Assets:Checking:Primary  -3160.40 DKK
  Expenses:Travel:Activities  3160.40 DKK

2017-07-24 * "MobilePay" "Ferieaktiviteter" #spiir
  spiir-id: "636365608227902652"
  Assets:Checking:Primary  -1847.40 DKK
  Expenses:Travel:Activities  1847.40 DKK

2017-07-25 * "Mobilbillet" "Bus, tog, færge o.l." #spiir
  spiir-id: "636366418429694345"
  Assets:Checking:Primary  -24.00 DKK
  Expenses:Transport:Public  24.00 DKK

2017-07-25 * "Croissanten" "Fastfood & takeaway" #spiir
  spiir-id: "636366418429694346"
  Assets:Checking:Primary  -29.00 DKK
  Expenses:Food:Takeaway  29.00 DKK

2017-07-25 * "Mobilbillet" "Bus, tog, færge o.l." #spiir
  spiir-id: "636366418429694347"
  Assets:Checking:Primary  -24.00 DKK
  Expenses:Transport:Public  24.00 DKK

2017-07-25 * "FLAMINGO KEBAB ApS" "Fastfood & takeaway" #spiir
  spiir-id: "636366418429694348"
  Assets:Checking:Primary  -20.00 DKK
  Expenses:Food:Takeaway  20.00 DKK

2017-07-25 * "Mobilbillet" "Bus, tog, færge o.l." #spiir
  spiir-id: "636366418429694349"
  Assets:Checking:Primary  -24.00 DKK
  Expenses:Transport:Public  24.00 DKK

2017-07-25 * "Fisketorvet Føtex" "Dagligvarer" #spiir
  spiir-id: "636366418429694350"
  Assets:Checking:Primary  -104.15 DKK
  Expenses:Food:Groceries  104.15 DKK

2017-07-26 * "MobilePay Ren Cykel / Ren Bil" "Værksted & reservedele" #spiir
  spiir-id: "636368207697503445"
  Assets:Checking:Primary  -268.00 DKK
  Expenses:Car:Service  268.00 DKK

2017-07-27 * "Kaf' bar 9" "Bar, cafe & restaurant" #spiir
  spiir-id: "636368207697503446"
  Assets:Checking:Primary  -55.00 DKK
  Expenses:Food:Restaurant  55.00 DKK

2017-07-27 * "SILVAN FISKETORVET" "Ombygning & vedligehold" #spiir
  spiir-id: "636368207697503447"
  Assets:Checking:Primary  -25.95 DKK
  Expenses:House:Renovation  25.95 DKK

2017-07-27 * "SILVAN FISKETORVET" "Ombygning & vedligehold" #spiir
  spiir-id: "636368207697503448"
  Assets:Checking:Primary  -64.85 DKK
  Expenses:House:Renovation  64.85 DKK

2017-07-28 * "Lønoverførsel" "Løn" #spiir
  spiir-id: "636370745321353678"
  Assets:Checking:Primary  29509.33 DKK
  Income:Salary  -29509.33 DKK

2017-07-29 * "MobilePay Jens Poulsen" "Bar, cafe & restaurant" #spiir
  spiir-id: "636369859345748667"
  Assets:Checking:Primary  -60.00 DKK
  Expenses:Food:Restaurant  60.00 DKK

2017-07-29 * "VDK EUR 7,55" "Ferieaktiviteter" #spiir
  spiir-id: "636370745321353679"
  Assets:Checking:Primary  -56.99 DKK
  Expenses:Travel:Activities  56.99 DKK

2017-07-29 * "Restaurant Aldente" "Bar, cafe & restaurant" #spiir
  spiir-id: "636370745321353680"
  Assets:Checking:Primary  -55.00 DKK
  Expenses:Food:Restaurant  55.00 DKK

2017-07-29 * "Elverdybet" "Bar, cafe & restaurant" #spiir
  spiir-id: "636370745321353681"
  Assets:Checking:Primary  -63.00 DKK
  Expenses:Food:Restaurant  63.00 DKK

2017-07-30 * "BAKKENS INFORMATIO" "Biograf, koncerter & forlystelser" #spiir
  spiir-id: "636370745321353682"
  Assets:Checking:Primary  -25.00 DKK
  Expenses:Entertainment:Events  25.00 DKK

2017-07-31 * "Husleje" "Boliglån/husleje" #spiir
  spiir-id: "636370745321353683"
  Assets:Checking:Primary  -4595.00 DKK
  Expenses:House:Mortgage  4595.00 DKK

2017-08-01 * "EL" "El, vand, varme & renovation" #spiir
  spiir-id: "636371658573023522"
  Assets:Checking:Primary  -367.00 DKK
  Expenses:House:Heating  367.00 DKK

2017-08-01 * "Madbudget" "" #spiir
  spiir-id: "636371658573023523"
  Assets:Checking:Primary  -2000.00 DKK
  Expenses:Uncategorized  2000.00 DKK

2017-08-01 * "Far" "Gaver & velgørenhed" #spiir
  spiir-id: "636371658573023524"
  Assets:Checking:Primary  -1000.00 DKK
  Expenses:Gifts  1000.00 DKK

2017-08-01 * "Fiol Optik" "Briller & kontaktlinser" #spiir
  spiir-id: "636371658573023525"
  Assets:Checking:Primary  -330.00 DKK
  Expenses:Health:Vision  330.00 DKK

2017-08-01 * "Fitness DK" "Sport & fritid" #spiir
  spiir-id: "636371658573023526"
  Assets:Checking:Primary  -338.75 DKK
  Expenses:Entertainment:Sports  338.75 DKK

2017-08-01 * "Tryg" "Indbo- & familieforsikring" #spiir
  spiir-id: "636371658573023527"
  Assets:Checking:Primary  -188.98 DKK
  Expenses:House:Contents-Insurance  188.98 DKK

2017-08-01 * "Tryg" "Indbo- & familieforsikring" #spiir
  spiir-id: "636371658573023528"
  Assets:Checking:Primary  -126.30 DKK
  Expenses:House:Contents-Insurance  126.30 DKK

2017-08-01 * "3 (hi3g Denmark Aps)" "Telefoni & internet" #spiir
  spiir-id: "636371658573023529"
  Assets:Checking:Primary  -419.25 DKK
  Expenses:Subscriptions:Telecom  419.25 DKK

2017-08-01 * "Dbkk" "Sport & fritid" #spiir
  spiir-id: "636371658573023530"
  Assets:Checking:Primary  -359.00 DKK
  Expenses:Entertainment:Sports  359.00 DKK

2017-08-01 * "Gebyrer i alt" "Bankgebyrer" #spiir
  spiir-id: "636372539994795732"
  Assets:Checking:Primary  -5.00 DKK
  Expenses:Bank:Fees  5.00 DKK

2017-08-03 * "Kaf' bar 9" "Bar, cafe & restaurant" #spiir
  spiir-id: "636374345693747343"
  Assets:Checking:Primary  -60.00 DKK
  Expenses:Food:Restaurant  60.00 DKK

2017-08-04 * "MobilePay Kasper Jessen" "Ferieaktiviteter" #spiir
  spiir-id: "636374345693747344"
  Assets:Checking:Primary  -1037.58 DKK
  Expenses:Travel:Activities  1037.58 DKK

2017-08-04 * "Kaf' bar 9" "Bar, cafe & restaurant" #spiir
  spiir-id: "636376043418050111"
  Assets:Checking:Primary  -85.00 DKK
  Expenses:Food:Restaurant  85.00 DKK

2017-08-04 * "MobilePay Kasper Jessen" "Ferieaktiviteter" #spiir
  spiir-id: "636376043418050112"
  Assets:Checking:Primary  -960.55 DKK
  Expenses:Travel:Activities  960.55 DKK

2017-08-04 * "The Dubliner Downt" "Bar, cafe & restaurant" #spiir
  spiir-id: "636376043418050113"
  Assets:Checking:Primary  -62.00 DKK
  Expenses:Food:Restaurant  62.00 DKK

2017-08-04 * "The Dubliner Downt" "Bar, cafe & restaurant" #spiir
  spiir-id: "636376043418050114"
  Assets:Checking:Primary  -62.00 DKK
  Expenses:Food:Restaurant  62.00 DKK

2017-08-04 * "PIZZAHUSET" "Fastfood & takeaway" #spiir
  spiir-id: "636376043418050115"
  Assets:Checking:Primary  -84.00 DKK
  Expenses:Food:Takeaway  84.00 DKK

2017-08-05 * "WeShare: Signe og Patrick" "Dagligvarer" #spiir
  spiir-id: "636376043418050116"
  Assets:Checking:Primary  1748.00 DKK
  Expenses:Food:Groceries  -1748.00 DKK

2017-08-05 * "MobilePay Toby Moore" "Bar, cafe & restaurant" #spiir
  spiir-id: "636376043418050117"
  Assets:Checking:Primary  -198.00 DKK
  Expenses:Food:Restaurant  198.00 DKK

2017-08-05 * "Ingeniørforeningen" "Fagforening & a-kasse" #spiir
  spiir-id: "636376964763165569"
  Assets:Checking:Primary  -878.25 DKK
  Expenses:Insurance:Union  878.25 DKK

2017-08-06 * "Durum Bar ApS" "Bar, cafe & restaurant" #spiir
  spiir-id: "636376964763165570"
  Assets:Checking:Primary  -30.00 DKK
  Expenses:Food:Restaurant  30.00 DKK

2017-08-08 * "VDK DKK 280,00" "Ferieaktiviteter" #spiir
  spiir-id: "636377732862606621"
  Assets:Checking:Primary  -280.00 DKK
  Expenses:Travel:Activities  280.00 DKK

2017-08-08 * "VDK EUR 196,00" "Ferieaktiviteter" #spiir
  spiir-id: "636377732862606622"
  Assets:Checking:Primary  -1480.27 DKK
  Expenses:Travel:Activities  1480.27 DKK

2017-08-08 * "VDK DKK 2006,00" "Ferieaktiviteter" #spiir
  spiir-id: "636377732862606623"
  Assets:Checking:Primary  -2006.00 DKK
  Expenses:Travel:Activities  2006.00 DKK

2017-08-08 * "Kafferiet" "Bar, cafe & restaurant" #spiir
  spiir-id: "636378578576392685"
  Assets:Checking:Primary  -35.00 DKK
  Expenses:Food:Restaurant  35.00 DKK

2017-08-08 * "Copenhagen boulder" "Sport & fritid" #spiir
  spiir-id: "636378578576392686"
  Assets:Checking:Primary  -110.00 DKK
  Expenses:Entertainment:Sports  110.00 DKK

2017-08-09 * "MCDONALDS FISKETOR" "Fastfood & takeaway" #spiir
  spiir-id: "636379493163845172"
  Assets:Checking:Primary  -67.00 DKK
  Expenses:Food:Takeaway  67.00 DKK

2017-08-10 * "VDK DKK 1822,54" "Ferieaktiviteter" #spiir
  spiir-id: "636379493163845173"
  Assets:Checking:Primary  -1822.54 DKK
  Expenses:Travel:Activities  1822.54 DKK

2017-08-10 * "MobilePay Frisør Hans" "Frisør & personlig pleje" #spiir
  spiir-id: "636380270494519514"
  Assets:Checking:Primary  -180.00 DKK
  Expenses:Shopping:Personal-Care  180.00 DKK

2017-08-10 * "MobilePay Orion Madsen" "Spil & legetøj" #spiir
  spiir-id: "636380270494519516"
  Assets:Checking:Primary  -115.00 DKK
  Expenses:Kids:Toys  115.00 DKK

2017-08-11 * "VDK USD 7,00" "Online services & software" #spiir
  spiir-id: "636380270494519517"
  Assets:Checking:Primary  -45.44 DKK
  Expenses:Subscriptions:Software  45.44 DKK

2017-08-11 * "Dansk Bjergklub" "Sport & fritid" #spiir
  spiir-id: "636381228147841931"
  Assets:Checking:Primary  -20.00 DKK
  Expenses:Entertainment:Sports  20.00 DKK

2017-08-11 * "Kaf' bar 9" "Bar, cafe & restaurant" #spiir
  spiir-id: "636381228147841932"
  Assets:Checking:Primary  -35.00 DKK
  Expenses:Food:Restaurant  35.00 DKK

2017-08-11 * "Ravnsborg 20 ApS" "Bar, cafe & restaurant" #spiir
  spiir-id: "636381228147841933"
  Assets:Checking:Primary  -530.00 DKK
  Expenses:Food:Restaurant  530.00 DKK

2017-08-12 * "Copenhagen boulder" "Sport & fritid" #spiir
  spiir-id: "636382814161163473"
  Assets:Checking:Primary  -130.00 DKK
  Expenses:Entertainment:Sports  130.00 DKK

2017-08-12 * "Falafel-House 2012" "Bar, cafe & restaurant" #spiir
  spiir-id: "636382814161163474"
  Assets:Checking:Primary  -41.00 DKK
  Expenses:Food:Restaurant  41.00 DKK

2017-08-12 * "Hvide Lam" "Bar, cafe & restaurant" #spiir
  spiir-id: "636382814161163475"
  Assets:Checking:Primary  -315.00 DKK
  Expenses:Food:Restaurant  315.00 DKK

2017-08-12 * "BARBURRITO ApS" "Bar, cafe & restaurant" #spiir
  spiir-id: "636382814161163476"
  Assets:Checking:Primary  -1244.00 DKK
  Expenses:Food:Restaurant  1244.00 DKK

2017-08-13 * "WeShare: Duuuudes" "Biograf, koncerter & forlystelser" #spiir
  spiir-id: "636382814161163472"
  Assets:Checking:Primary  224.28 DKK
  Expenses:Entertainment:Events  -224.28 DKK

2017-08-13 * "TRYK BAR ApS" "Bar, cafe & restaurant" #spiir
  spiir-id: "636382814161163477"
  Assets:Checking:Primary  -211.00 DKK
  Expenses:Food:Restaurant  211.00 DKK

2017-08-14 * "WeShare: Duuuudes" "Biograf, koncerter & forlystelser" #spiir
  spiir-id: "636383704227323513"
  Assets:Checking:Primary  327.96 DKK
  Expenses:Entertainment:Events  -327.96 DKK

2017-08-14 * "7-Eleven B 027" "Kiosk, bager & specialbutikker" #spiir
  spiir-id: "636383704227323514"
  Assets:Checking:Primary  -48.00 DKK
  Expenses:Food:Kiosk  48.00 DKK

2017-08-14 * "Mobilbillet" "Bus, tog, færge o.l." #spiir
  spiir-id: "636383704227323515"
  Assets:Checking:Primary  -150.00 DKK
  Expenses:Transport:Public  150.00 DKK

2017-08-15 * "VDK USD 17,19" "Film, musik & læsestof" #spiir
  spiir-id: "636383704227323516"
  Assets:Checking:Primary  -111.02 DKK
  Expenses:Entertainment:Media  111.02 DKK

2017-08-15 * "VDK DKK 99,00" "Film, musik & læsestof" #spiir
  spiir-id: "636383704227323517"
  Assets:Checking:Primary  -99.00 DKK
  Expenses:Entertainment:Media  99.00 DKK

2017-08-15 * "ILLUM" "Tøj, sko & accessories" #spiir
  spiir-id: "636384629050108668"
  Assets:Checking:Primary  -5407.00 DKK
  Expenses:Shopping:Clothing  5407.00 DKK

2017-08-16 * "MobilePay Orion Madsen" "Private lån (venner & familie)" #spiir
  spiir-id: "636385881978818633"
  Assets:Checking:Primary  -7000.00 DKK
  Expenses:Loans:Private  7000.00 DKK

2017-08-16 * "WeShare: Duuuudes" "Biograf, koncerter & forlystelser" #spiir
  spiir-id: "636385881978818634"
  Assets:Checking:Primary  327.96 DKK
  Expenses:Entertainment:Events  -327.96 DKK

2017-08-17 * "VDK DKK 36,00" "Fastfood & takeaway" #spiir
  spiir-id: "636385881978818635"
  Assets:Checking:Primary  -36.00 DKK
  Expenses:Food:Takeaway  36.00 DKK

2017-08-17 * "VDK DKK 72,00" "Film, musik & læsestof" #spiir
  spiir-id: "636385881978818636"
  Assets:Checking:Primary  -72.00 DKK
  Expenses:Entertainment:Media  72.00 DKK

2017-08-18 * "82-WH-Smith T3 Lan" "Ukendt" #spiir
  spiir-id: "636387221718825930"
  Assets:Checking:Primary  -25.00 DKK
  Expenses:Other  25.00 DKK

2017-08-18 * "MobilePay: Orion Madsen" "Private lån (venner & familie)" #spiir
  spiir-id: "636387221718825931"
  Assets:Checking:Primary  7000.00 DKK
  Expenses:Loans:Private  -7000.00 DKK

2017-08-19 * "VDK DKK 35,00" "Ukendt" #spiir
  spiir-id: "636389042556276253"
  Assets:Checking:Primary  -35.00 DKK
  Expenses:Other  35.00 DKK

2017-08-19 * "VDK EUR 12,00" "Ferieaktiviteter" #spiir
  spiir-id: "636389042556276254"
  Assets:Checking:Primary  -90.60 DKK
  Expenses:Travel:Activities  90.60 DKK

2017-08-19 * "VDK EUR 16,25" "Ukendt" #spiir
  spiir-id: "636389042556276255"
  Assets:Checking:Primary  -122.69 DKK
  Expenses:Other  122.69 DKK

2017-08-21 * "MobilePay Jasper Arildslund" "Bar, cafe & restaurant" #spiir
  spiir-id: "636389817623260516"
  Assets:Checking:Primary  -124.00 DKK
  Expenses:Food:Restaurant  124.00 DKK

2017-08-21 * "ATM UDBET VISA UDL" "Kontanthævning & check" #spiir
  spiir-id: "636389817623260517"
  Assets:Checking:Primary  -30.00 DKK
  Expenses:Cash  30.00 DKK

2017-08-21 * "ATM UDBET VISA UDL" "Kontanthævning & check" #spiir
  spiir-id: "636389817623260518"
  Assets:Checking:Primary  -30.00 DKK
  Expenses:Cash  30.00 DKK

2017-08-22 * "VDK EUR 15,90" "Ferieaktiviteter" #spiir
  spiir-id: "636389817623260519"
  Assets:Checking:Primary  -120.04 DKK
  Expenses:Travel:Activities  120.04 DKK

2017-08-22 * "VDK EUR 18,60" "Ferieaktiviteter" #spiir
  spiir-id: "636389817623260520"
  Assets:Checking:Primary  -140.44 DKK
  Expenses:Travel:Activities  140.44 DKK

2017-08-22 * "VDK EUR 50,00" "Ferieaktiviteter" #spiir
  spiir-id: "636389817623260521"
  Assets:Checking:Primary  -377.50 DKK
  Expenses:Travel:Activities  377.50 DKK

2017-08-22 * "VDK EUR 3,50" "Ferieaktiviteter" #spiir
  spiir-id: "636389817623260522"
  Assets:Checking:Primary  -26.42 DKK
  Expenses:Travel:Activities  26.42 DKK

2017-08-22 * "VDK EUR 7,00" "Ferieaktiviteter" #spiir
  spiir-id: "636389817623260523"
  Assets:Checking:Primary  -52.85 DKK
  Expenses:Travel:Activities  52.85 DKK

2017-08-22 * "VDK EUR 28,80" "Ferieaktiviteter" #spiir
  spiir-id: "636389817623260524"
  Assets:Checking:Primary  -217.44 DKK
  Expenses:Travel:Activities  217.44 DKK

2017-08-22 * "VDK EUR 13,85" "Ferieaktiviteter" #spiir
  spiir-id: "636389817623260525"
  Assets:Checking:Primary  -104.57 DKK
  Expenses:Travel:Activities  104.57 DKK

2017-08-22 * "VDK EUR 14,00" "Ferieaktiviteter" #spiir
  spiir-id: "636389817623260526"
  Assets:Checking:Primary  -105.70 DKK
  Expenses:Travel:Activities  105.70 DKK

2017-08-22 * "VDK EUR 100,00" "Ferieaktiviteter" #spiir
  spiir-id: "636389817623260527"
  Assets:Checking:Primary  -755.01 DKK
  Expenses:Travel:Activities  755.01 DKK

2017-08-22 * "VDK EUR 109,77" "Ferieaktiviteter" #spiir
  spiir-id: "636389817623260528"
  Assets:Checking:Primary  -828.77 DKK
  Expenses:Travel:Activities  828.77 DKK

2017-08-23 * "VDK EUR 4,80" "Ferieaktiviteter" #spiir
  spiir-id: "636390649714277492"
  Assets:Checking:Primary  -36.25 DKK
  Expenses:Travel:Activities  36.25 DKK

2017-08-23 * "VDK DKK 36,00" "Fastfood & takeaway" #spiir
  spiir-id: "636390649714277493"
  Assets:Checking:Primary  -36.00 DKK
  Expenses:Food:Takeaway  36.00 DKK

2017-08-24 * "Ferie" "" #spiir
  spiir-id: "636392335579806720"
  Assets:Checking:Primary  -2000.00 DKK
  Expenses:Uncategorized  2000.00 DKK

2017-08-24 * "MobilePay Jennifer Van Sickle" "Biograf, koncerter & forlystelser" #spiir
  spiir-id: "636392335579806721"
  Assets:Checking:Primary  -550.00 DKK
  Expenses:Entertainment:Events  550.00 DKK

2017-08-24 * "MobilePay: Jennifer Van Sickle" "Biograf, koncerter & forlystelser" #spiir
  spiir-id: "636392335579806722"
  Assets:Checking:Primary  145.00 DKK
  Expenses:Entertainment:Events  -145.00 DKK

2017-08-25 * "VDK DKK 72,00" "Film, musik & læsestof" #spiir
  spiir-id: "636392335579806723"
  Assets:Checking:Primary  -72.00 DKK
  Expenses:Entertainment:Media  72.00 DKK

2017-08-26 * "VDK EUR 15,88" "Ferieaktiviteter" #spiir
  spiir-id: "636394936335087113"
  Assets:Checking:Primary  -119.90 DKK
  Expenses:Travel:Activities  119.90 DKK

2017-08-29 * "VDK EUR 7,49" "Online services & software" #spiir
  spiir-id: "636395879733937131"
  Assets:Checking:Primary  -56.57 DKK
  Expenses:Subscriptions:Software  56.57 DKK

2017-08-30 * "VDK EUR 4,60" "Ferieaktiviteter" #spiir
  spiir-id: "636396638300527345"
  Assets:Checking:Primary  -34.74 DKK
  Expenses:Travel:Activities  34.74 DKK

2017-08-30 * "Lønoverførsel" "Løn" #spiir
  spiir-id: "636397573270371949"
  Assets:Checking:Primary  25294.33 DKK
  Income:Salary  -25294.33 DKK

2017-08-31 * "Husleje" "Boliglån/husleje" #spiir
  spiir-id: "636397573270371950"
  Assets:Checking:Primary  -4595.00 DKK
  Expenses:House:Mortgage  4595.00 DKK

2017-08-31 * "Steffs - baggage u" "Fastfood & takeaway" #spiir
  spiir-id: "636398502728092187"
  Assets:Checking:Primary  -30.00 DKK
  Expenses:Food:Takeaway  30.00 DKK

2017-08-31 * "MobilePay: Orion Madsen" "Biograf, koncerter & forlystelser" #spiir
  spiir-id: "636398502728092188"
  Assets:Checking:Primary  75.00 DKK
  Expenses:Entertainment:Events  -75.00 DKK

2017-08-31 * "BARBURRITO ApS" "Bar, cafe & restaurant" #spiir
  spiir-id: "636398502728092189"
  Assets:Checking:Primary  -1153.00 DKK
  Expenses:Food:Restaurant  1153.00 DKK

2017-09-01 * "VDK EUR 4,50" "Ferieaktiviteter" #spiir
  spiir-id: "636398502728092190"
  Assets:Checking:Primary  -34.00 DKK
  Expenses:Travel:Activities  34.00 DKK

2017-09-01 * "VDK DKK 105,41" "Ferieaktiviteter" #spiir
  spiir-id: "636398502728092191"
  Assets:Checking:Primary  -105.41 DKK
  Expenses:Travel:Activities  105.41 DKK

2017-09-01 * "VDK EUR 13,00" "Ferieaktiviteter" #spiir
  spiir-id: "636398502728092192"
  Assets:Checking:Primary  -98.21 DKK
  Expenses:Travel:Activities  98.21 DKK

2017-09-01 * "VDK EUR 15,80" "Ferieaktiviteter" #spiir
  spiir-id: "636398502728092193"
  Assets:Checking:Primary  -119.37 DKK
  Expenses:Travel:Activities  119.37 DKK

2017-09-01 * "EL" "El, vand, varme & renovation" #spiir
  spiir-id: "636398502728092194"
  Assets:Checking:Primary  -367.00 DKK
  Expenses:House:Heating  367.00 DKK

2017-09-01 * "Madbudget" "" #spiir
  spiir-id: "636398502728092195"
  Assets:Checking:Primary  -2000.00 DKK
  Expenses:Uncategorized  2000.00 DKK

2017-09-01 * "Far" "Gaver & velgørenhed" #spiir
  spiir-id: "636398502728092196"
  Assets:Checking:Primary  -1000.00 DKK
  Expenses:Gifts  1000.00 DKK

2017-09-01 * "Fitness DK" "Sport & fritid" #spiir
  spiir-id: "636398502728092197"
  Assets:Checking:Primary  -338.75 DKK
  Expenses:Entertainment:Sports  338.75 DKK

2017-09-01 * "3 (hi3g Denmark Aps)" "Telefoni & internet" #spiir
  spiir-id: "636398502728092198"
  Assets:Checking:Primary  -419.25 DKK
  Expenses:Subscriptions:Telecom  419.25 DKK

2017-09-01 * "Fiol Optik" "Briller & kontaktlinser" #spiir
  spiir-id: "636398502728092199"
  Assets:Checking:Primary  -330.00 DKK
  Expenses:Health:Vision  330.00 DKK

2017-09-01 * "Dbkk" "Sport & fritid" #spiir
  spiir-id: "636398502728092200"
  Assets:Checking:Primary  -359.00 DKK
  Expenses:Entertainment:Sports  359.00 DKK

2017-09-01 * "THE COFFEE COLLECT" "Bar, cafe & restaurant" #spiir
  spiir-id: "636399240090285114"
  Assets:Checking:Primary  -25.00 DKK
  Expenses:Food:Restaurant  25.00 DKK

2017-09-01 * "Gebyrer i alt" "Bankgebyrer" #spiir
  spiir-id: "636399240090285115"
  Assets:Checking:Primary  -5.00 DKK
  Expenses:Bank:Fees  5.00 DKK

2017-09-02 * "VDK EUR 20,00" "Ferieaktiviteter" #spiir
  spiir-id: "636401031397008119"
  Assets:Checking:Primary  -151.03 DKK
  Expenses:Travel:Activities  151.03 DKK

2017-09-02 * "KIHOSKH A/S" "Kiosk, bager & specialbutikker" #spiir
  spiir-id: "636401031397008120"
  Assets:Checking:Primary  -58.00 DKK
  Expenses:Food:Kiosk  58.00 DKK

2017-09-04 * "FRILUFTSLAND A/S" "Tøj, sko & accessories" #spiir
  spiir-id: "636401855283378891"
  Assets:Checking:Primary  -367.20 DKK
  Expenses:Shopping:Clothing  367.20 DKK

2017-09-05 * "VDK DKK 155,00" "Ferieaktiviteter" #spiir
  spiir-id: "636401855283378892"
  Assets:Checking:Primary  -155.00 DKK
  Expenses:Travel:Activities  155.00 DKK

2017-09-05 * "VDK DKK 180,00" "Online services & software" #spiir
  spiir-id: "636401855283378893"
  Assets:Checking:Primary  -180.00 DKK
  Expenses:Subscriptions:Software  180.00 DKK

2017-09-05 * "VDK DKK 80,00" "Film, musik & læsestof" #spiir
  spiir-id: "636401855283378894"
  Assets:Checking:Primary  -80.00 DKK
  Expenses:Entertainment:Media  80.00 DKK

2017-09-05 * "VDK DKK 30,00" "Ferieaktiviteter" #spiir
  spiir-id: "636401855283378895"
  Assets:Checking:Primary  -30.00 DKK
  Expenses:Travel:Activities  30.00 DKK

2017-09-05 * "VDK DKK 50,00" "Ferieaktiviteter" #spiir
  spiir-id: "636401855283378896"
  Assets:Checking:Primary  -50.00 DKK
  Expenses:Travel:Activities  50.00 DKK

2017-09-05 * "Polonus Copenhagen" "Dagligvarer" #spiir
  spiir-id: "636402739268917040"
  Assets:Checking:Primary  -122.00 DKK
  Expenses:Food:Groceries  122.00 DKK

2017-09-05 * "Mobilbillet" "Bus, tog, færge o.l." #spiir
  spiir-id: "636402739268917041"
  Assets:Checking:Primary  -36.00 DKK
  Expenses:Transport:Public  36.00 DKK

2017-09-05 * "Gebr. Heinemann" "Bar, cafe & restaurant" #spiir
  spiir-id: "636402739268917042"
  Assets:Checking:Primary  -172.00 DKK
  Expenses:Food:Restaurant  172.00 DKK

2017-09-06 * "Baresso T2 Airside" "Bar, cafe & restaurant" #spiir
  spiir-id: "636404588909631821"
  Assets:Checking:Primary  -53.00 DKK
  Expenses:Food:Restaurant  53.00 DKK

2017-09-07 * "VDK NOK 123,00" "Ferieaktiviteter" #spiir
  spiir-id: "636404588909631822"
  Assets:Checking:Primary  -100.39 DKK
  Expenses:Travel:Activities  100.39 DKK

2017-09-08 * "VDK NOK 75,00" "Ferieaktiviteter" #spiir
  spiir-id: "636404588909631823"
  Assets:Checking:Primary  -61.19 DKK
  Expenses:Travel:Activities  61.19 DKK

2017-09-08 * "VDK SEK 10,00" "Ferieaktiviteter" #spiir
  spiir-id: "636404588909631824"
  Assets:Checking:Primary  -7.97 DKK
  Expenses:Travel:Activities  7.97 DKK

2017-09-08 * "VDK SEK 58,85" "Ferieaktiviteter" #spiir
  spiir-id: "636404588909631825"
  Assets:Checking:Primary  -46.86 DKK
  Expenses:Travel:Activities  46.86 DKK

2017-09-08 * "VDK NOK 69,00" "Ferieaktiviteter" #spiir
  spiir-id: "636404588909631826"
  Assets:Checking:Primary  -56.29 DKK
  Expenses:Travel:Activities  56.29 DKK

2017-09-08 * "Statens Administration S" "Studielån" #spiir
  spiir-id: "636404588909631827"
  Assets:Checking:Primary  -205.00 DKK
  Expenses:Loans:Student  205.00 DKK

2017-09-08 * "MobilePay Toby Moore" "Biograf, koncerter & forlystelser" #spiir
  spiir-id: "636405639954900757"
  Assets:Checking:Primary  -390.00 DKK
  Expenses:Entertainment:Events  390.00 DKK

2017-09-09 * "Mobilbillet" "Bus, tog, færge o.l." #spiir
  spiir-id: "636407030179207258"
  Assets:Checking:Primary  -36.00 DKK
  Expenses:Transport:Public  36.00 DKK

2017-09-10 * "Netto Havnestaden" "Dagligvarer" #spiir
  spiir-id: "636407030179207259"
  Assets:Checking:Primary  -3.75 DKK
  Expenses:Food:Groceries  3.75 DKK

2017-09-11 * "Toby's Cafè" "Bar, cafe & restaurant" #spiir
  spiir-id: "636407914876804910"
  Assets:Checking:Primary  -39.00 DKK
  Expenses:Food:Restaurant  39.00 DKK

2017-09-11 * "THE COFFEE COLLECT" "Bar, cafe & restaurant" #spiir
  spiir-id: "636407914876804911"
  Assets:Checking:Primary  -32.00 DKK
  Expenses:Food:Restaurant  32.00 DKK

2017-09-12 * "VDK USD 6,95" "Ferieaktiviteter" #spiir
  spiir-id: "636407914876804912"
  Assets:Checking:Primary  -43.90 DKK
  Expenses:Travel:Activities  43.90 DKK

2017-09-12 * "VDK USD 7,00" "Online services & software" #spiir
  spiir-id: "636407914876804913"
  Assets:Checking:Primary  -44.22 DKK
  Expenses:Subscriptions:Software  44.22 DKK

2017-09-12 * "VDK NOK 138,00" "Ferieaktiviteter" #spiir
  spiir-id: "636407914876804914"
  Assets:Checking:Primary  -112.19 DKK
  Expenses:Travel:Activities  112.19 DKK

2017-09-12 * "BonusTryghedsGruppen" "Indbo- & familieforsikring" #spiir
  spiir-id: "636407914876804915"
  Assets:Checking:Primary  93.31 DKK
  Expenses:House:Contents-Insurance  -93.31 DKK

2017-09-12 * "Kaf' bar 9" "Bar, cafe & restaurant" #spiir
  spiir-id: "636408785637383208"
  Assets:Checking:Primary  -35.00 DKK
  Expenses:Food:Restaurant  35.00 DKK

2017-09-12 * "WeShare: BANFF" "Biograf, koncerter & forlystelser" #spiir
  spiir-id: "636408785637383209"
  Assets:Checking:Primary  235.00 DKK
  Expenses:Entertainment:Events  -235.00 DKK

2017-09-12 * "WeShare: BANFF" "Biograf, koncerter & forlystelser" #spiir
  spiir-id: "636408785637383210"
  Assets:Checking:Primary  235.00 DKK
  Expenses:Entertainment:Events  -235.00 DKK

2017-09-12 * "WeShare: BANFF" "Biograf, koncerter & forlystelser" #spiir
  spiir-id: "636408785637383211"
  Assets:Checking:Primary  235.00 DKK
  Expenses:Entertainment:Events  -235.00 DKK

2017-09-12 * "MobilePay: Jørn Schou-Rode" "Biograf, koncerter & forlystelser" #spiir
  spiir-id: "636408785637383212"
  Assets:Checking:Primary  26.00 DKK
  Expenses:Entertainment:Events  -26.00 DKK

2017-09-12 * "MobilePay: Jørn Schou-Rode" "Biograf, koncerter & forlystelser" #spiir
  spiir-id: "636408785637383213"
  Assets:Checking:Primary  22.00 DKK
  Expenses:Entertainment:Events  -22.00 DKK

2017-09-12 * "WeShare: BANFF" "Biograf, koncerter & forlystelser" #spiir
  spiir-id: "636408785637383214"
  Assets:Checking:Primary  235.00 DKK
  Expenses:Entertainment:Events  -235.00 DKK

2017-09-12 * "CINEMAXX FISKETORV" "Biograf, koncerter & forlystelser" #spiir
  spiir-id: "636408785637383215"
  Assets:Checking:Primary  -116.00 DKK
  Expenses:Entertainment:Events  116.00 DKK

2017-09-13 * "MobilePay Karim Ljung" "Tobak & alkohol" #spiir
  spiir-id: "636409759151713919"
  Assets:Checking:Primary  -455.00 DKK
  Expenses:Food:Alcohol  455.00 DKK

2017-09-13 * "MobilePay WeShare" "Ferieaktiviteter" #spiir
  spiir-id: "636409759151713920"
  Assets:Checking:Primary  -353.93 DKK
  Expenses:Travel:Activities  353.93 DKK

2017-09-13 * "MobilePay WeShare" "Biograf, koncerter & forlystelser" #spiir
  spiir-id: "636409759151713921"
  Assets:Checking:Primary  -546.00 DKK
  Expenses:Entertainment:Events  546.00 DKK

2017-09-14 * "VDK DKK 99,00" "Film, musik & læsestof" #spiir
  spiir-id: "636409759151713922"
  Assets:Checking:Primary  -99.00 DKK
  Expenses:Entertainment:Media  99.00 DKK

2017-09-14 * "VDK DKK 1175,00" "Biograf, koncerter & forlystelser" #spiir
  spiir-id: "636409759151713923"
  Assets:Checking:Primary  -1175.00 DKK
  Expenses:Entertainment:Events  1175.00 DKK

2017-09-14 * "FLAMINGO KEBAB ApS" "Fastfood & takeaway" #spiir
  spiir-id: "636410467879800941"
  Assets:Checking:Primary  -20.00 DKK
  Expenses:Food:Takeaway  20.00 DKK

2017-09-15 * "VDK USD 17,19" "Film, musik & læsestof" #spiir
  spiir-id: "636410467879800942"
  Assets:Checking:Primary  -109.88 DKK
  Expenses:Entertainment:Media  109.88 DKK

2017-09-15 * "BARBURRITO ApS" "Bar, cafe & restaurant" #spiir
  spiir-id: "636411401182111112"
  Assets:Checking:Primary  -725.00 DKK
  Expenses:Food:Restaurant  725.00 DKK

2017-09-15 * "WeShare: Barburrito" "Fastfood & takeaway" #spiir
  spiir-id: "636411401182111113"
  Assets:Checking:Primary  145.00 DKK
  Expenses:Food:Takeaway  -145.00 DKK

2017-09-15 * "WeShare: Barburrito" "Fastfood & takeaway" #spiir
  spiir-id: "636411401182111114"
  Assets:Checking:Primary  145.00 DKK
  Expenses:Food:Takeaway  -145.00 DKK

2017-09-15 * "WeShare: Barburrito" "Fastfood & takeaway" #spiir
  spiir-id: "636411401182111115"
  Assets:Checking:Primary  145.00 DKK
  Expenses:Food:Takeaway  -145.00 DKK

2017-09-16 * "MobilePay: Tim" "Biograf, koncerter & forlystelser" #spiir
  spiir-id: "636412241276900424"
  Assets:Checking:Primary  545.00 DKK
  Expenses:Entertainment:Events  -545.00 DKK

2017-09-16 * "VDK DKK 159,00" "Online services & software" #spiir
  spiir-id: "636413300162859696"
  Assets:Checking:Primary  -159.00 DKK
  Expenses:Subscriptions:Software  159.00 DKK

2017-09-16 * "VeloBarista" "Bar, cafe & restaurant" #spiir
  spiir-id: "636413300162859697"
  Assets:Checking:Primary  -60.00 DKK
  Expenses:Food:Restaurant  60.00 DKK

2017-09-16 * "Billetlugen" "Biograf, koncerter & forlystelser" #spiir
  spiir-id: "636413300162859698"
  Assets:Checking:Primary  -3431.74 DKK
  Expenses:Entertainment:Events  3431.74 DKK

2017-09-17 * "MobilePay Ida Rørholm Davidsen" "Møbler & boligudstyr" #spiir
  spiir-id: "636412477185247724"
  Assets:Checking:Primary  -270.00 DKK
  Expenses:Shopping:Furniture  270.00 DKK

2017-09-18 * "WeShare: Barburrito" "Fastfood & takeaway" #spiir
  spiir-id: "636413300162859699"
  Assets:Checking:Primary  145.00 DKK
  Expenses:Food:Takeaway  -145.00 DKK

2017-09-19 * "MobilePay: Bjørn Bang Nielsen" "Fastfood & takeaway" #spiir
  spiir-id: "636414172559024438"
  Assets:Checking:Primary  43.00 DKK
  Expenses:Food:Takeaway  -43.00 DKK

2017-09-19 * "THE COFFEE COLLECT" "Bar, cafe & restaurant" #spiir
  spiir-id: "636414992223472410"
  Assets:Checking:Primary  -81.00 DKK
  Expenses:Food:Restaurant  81.00 DKK

2017-09-19 * "Mobilbillet" "Bus, tog, færge o.l." #spiir
  spiir-id: "636414992223472411"
  Assets:Checking:Primary  -24.00 DKK
  Expenses:Transport:Public  24.00 DKK

2017-09-20 * "MobilePay Frisør Hans" "Frisør & personlig pleje" #spiir
  spiir-id: "636414992223472412"
  Assets:Checking:Primary  -180.00 DKK
  Expenses:Shopping:Personal-Care  180.00 DKK

2017-09-20 * "Mobilbillet" "Bus, tog, færge o.l." #spiir
  spiir-id: "636415864123341354"
  Assets:Checking:Primary  -24.00 DKK
  Expenses:Transport:Public  24.00 DKK

2017-09-20 * "Risteriet Aps" "Bar, cafe & restaurant" #spiir
  spiir-id: "636415864123341355"
  Assets:Checking:Primary  -30.00 DKK
  Expenses:Food:Restaurant  30.00 DKK

2017-09-20 * "Rosenborg Cykler" "Anden transport" #spiir
  spiir-id: "636415864123341356"
  Assets:Checking:Primary  -179.00 DKK
  Expenses:Transport:Other  179.00 DKK

2017-09-21 * "MobilePay: Morten Bang" "Tobak & alkohol" #spiir
  spiir-id: "636416742008222082"
  Assets:Checking:Primary  170.00 DKK
  Expenses:Food:Alcohol  -170.00 DKK

2017-09-21 * "Cafe Klimt v/Hyrme" "Bar, cafe & restaurant" #spiir
  spiir-id: "636416742008222083"
  Assets:Checking:Primary  -70.00 DKK
  Expenses:Food:Restaurant  70.00 DKK

2017-09-21 * "Restaurant Sult" "Bar, cafe & restaurant" #spiir
  spiir-id: "636416742008222084"
  Assets:Checking:Primary  -30.00 DKK
  Expenses:Food:Restaurant  30.00 DKK

2017-09-22 * "DSB Nørreport Aut" "Bus, tog, færge o.l." #spiir
  spiir-id: "636416742008222085"
  Assets:Checking:Primary  -24.00 DKK
  Expenses:Transport:Public  24.00 DKK

2017-09-22 * "Mobilbillet" "Bus, tog, færge o.l." #spiir
  spiir-id: "636416742008222086"
  Assets:Checking:Primary  -24.00 DKK
  Expenses:Transport:Public  24.00 DKK

2017-09-22 * "Mobilbillet" "Bus, tog, færge o.l." #spiir
  spiir-id: "636417517032430133"
  Assets:Checking:Primary  -24.00 DKK
  Expenses:Transport:Public  24.00 DKK

2017-09-23 * "MobilePay chicky grill" "Fastfood & takeaway" #spiir
  spiir-id: "636418289846690238"
  Assets:Checking:Primary  -72.00 DKK
  Expenses:Food:Takeaway  72.00 DKK

2017-09-23 * "VDK DKK 270,00" "Bar, cafe & restaurant" #spiir
  spiir-id: "636419130250781404"
  Assets:Checking:Primary  -270.00 DKK
  Expenses:Food:Restaurant  270.00 DKK

2017-09-23 * "VDK DKK 103,25" "Gaver & velgørenhed" #spiir
  spiir-id: "636419130250781405"
  Assets:Checking:Primary  -103.25 DKK
  Expenses:Gifts  103.25 DKK

2017-09-23 * "FJELD & FRITID" "Tøj, sko & accessories" #spiir
  spiir-id: "636419130250781406"
  Assets:Checking:Primary  -99.00 DKK
  Expenses:Shopping:Clothing  99.00 DKK

2017-09-23 * "Restaurant China v" "Bar, cafe & restaurant" #spiir
  spiir-id: "636419130250781407"
  Assets:Checking:Primary  -48.00 DKK
  Expenses:Food:Restaurant  48.00 DKK

2017-09-23 * "Eventyrsport" "Tøj, sko & accessories" #spiir
  spiir-id: "636419130250781408"
  Assets:Checking:Primary  -799.00 DKK
  Expenses:Shopping:Clothing  799.00 DKK

2017-09-23 * "DGI Byen" "Sport & fritid" #spiir
  spiir-id: "636419130250781409"
  Assets:Checking:Primary  -250.00 DKK
  Expenses:Entertainment:Sports  250.00 DKK

2017-09-24 * "Dry & Bitter ApS" "Bar, cafe & restaurant" #spiir
  spiir-id: "636419130250781410"
  Assets:Checking:Primary  -35.00 DKK
  Expenses:Food:Restaurant  35.00 DKK

2017-09-24 * "Isted Grill" "Fastfood & takeaway" #spiir
  spiir-id: "636419130250781411"
  Assets:Checking:Primary  -70.00 DKK
  Expenses:Food:Takeaway  70.00 DKK

2017-09-24 * "Selskabet Islands" "Bar, cafe & restaurant" #spiir
  spiir-id: "636419130250781412"
  Assets:Checking:Primary  -52.00 DKK
  Expenses:Food:Restaurant  52.00 DKK

2017-09-26 * "VDK DKK 80,00" "Film, musik & læsestof" #spiir
  spiir-id: "636419988446627751"
  Assets:Checking:Primary  -80.00 DKK
  Expenses:Entertainment:Media  80.00 DKK

2017-09-26 * "VDK DKK 36,00" "Fastfood & takeaway" #spiir
  spiir-id: "636419988446627752"
  Assets:Checking:Primary  -36.00 DKK
  Expenses:Food:Takeaway  36.00 DKK

2017-09-26 * "VDK DKK 511,25" "Biograf, koncerter & forlystelser" #spiir
  spiir-id: "636419988446627753"
  Assets:Checking:Primary  -511.25 DKK
  Expenses:Entertainment:Events  511.25 DKK

2017-09-26 * "VDK DKK 643,13" "Tøj, sko & accessories" #spiir
  spiir-id: "636419988446627754"
  Assets:Checking:Primary  -643.13 DKK
  Expenses:Shopping:Clothing  643.13 DKK

2017-09-26 * "FRILUFTSLAND A/S" "Tøj, sko & accessories" #spiir
  spiir-id: "636420829896378801"
  Assets:Checking:Primary  -549.00 DKK
  Expenses:Shopping:Clothing  549.00 DKK

2017-09-26 * "THE COFFEE COLLECT" "Bar, cafe & restaurant" #spiir
  spiir-id: "636420829896378802"
  Assets:Checking:Primary  -38.00 DKK
  Expenses:Food:Restaurant  38.00 DKK

2017-09-26 * "Copenhagen boulder" "Sport & fritid" #spiir
  spiir-id: "636420829896378803"
  Assets:Checking:Primary  -110.00 DKK
  Expenses:Entertainment:Sports  110.00 DKK

2017-09-27 * "Kaf' bar 9" "Bar, cafe & restaurant" #spiir
  spiir-id: "636421766590553398"
  Assets:Checking:Primary  -60.00 DKK
  Expenses:Food:Restaurant  60.00 DKK

2017-09-27 * "MobilePay: Jørn Schou-Rode" "Biograf, koncerter & forlystelser" #spiir
  spiir-id: "636421766590553399"
  Assets:Checking:Primary  32.50 DKK
  Expenses:Entertainment:Events  -32.50 DKK

2017-09-27 * "Kafferiet" "Bar, cafe & restaurant" #spiir
  spiir-id: "636421766590553400"
  Assets:Checking:Primary  -65.00 DKK
  Expenses:Food:Restaurant  65.00 DKK

2017-09-27 * "Rosenborg Cykler" "Anden transport" #spiir
  spiir-id: "636421766590553401"
  Assets:Checking:Primary  -79.00 DKK
  Expenses:Transport:Other  79.00 DKK

2017-09-27 * "LIDL" "Dagligvarer" #spiir
  spiir-id: "636421766590553402"
  Assets:Checking:Primary  -185.70 DKK
  Expenses:Food:Groceries  185.70 DKK

2017-09-28 * "THE COFFEE COLLECT" "Bar, cafe & restaurant" #spiir
  spiir-id: "636422695911738099"
  Assets:Checking:Primary  -35.00 DKK
  Expenses:Food:Restaurant  35.00 DKK

2017-09-28 * "MobilePay: Daniel Grant" "Bar, cafe & restaurant" #spiir
  spiir-id: "636422695911738100"
  Assets:Checking:Primary  45.00 DKK
  Expenses:Food:Restaurant  -45.00 DKK

2017-09-28 * "Cigarshop Macanudo" "Gaver & velgørenhed" #spiir
  spiir-id: "636422695911738101"
  Assets:Checking:Primary  -555.00 DKK
  Expenses:Gifts  555.00 DKK

2017-09-28 * "Lønoverførsel" "Løn" #spiir
  spiir-id: "636422695911738102"
  Assets:Checking:Primary  25294.33 DKK
  Income:Salary  -25294.33 DKK

2017-09-29 * "Husleje" "Boliglån/husleje" #spiir
  spiir-id: "636422695911738103"
  Assets:Checking:Primary  -4595.00 DKK
  Expenses:House:Mortgage  4595.00 DKK

2017-09-29 * "The Coffee Collect" "Bar, cafe & restaurant" #spiir
  spiir-id: "636423585039216123"
  Assets:Checking:Primary  -68.00 DKK
  Expenses:Food:Restaurant  68.00 DKK

2017-09-29 * "M Nørreport TVM" "Bus, tog, færge o.l." #spiir
  spiir-id: "636423585039216124"
  Assets:Checking:Primary  -24.00 DKK
  Expenses:Transport:Public  24.00 DKK

2017-09-29 * "CENTERKIOSKEN FIEL" "Kiosk, bager & specialbutikker" #spiir
  spiir-id: "636423585039216125"
  Assets:Checking:Primary  -48.90 DKK
  Expenses:Food:Kiosk  48.90 DKK

2017-09-29 * "Gebyrer i alt" "Bankgebyrer" #spiir
  spiir-id: "636423585039216126"
  Assets:Checking:Primary  -30.00 DKK
  Expenses:Bank:Fees  30.00 DKK

2017-09-29 * "Gebyr - PATRICK OG SIGNE POULSEN" "Bankgebyrer" #spiir
  spiir-id: "636423585039216127"
  Assets:Checking:Primary  -30.00 DKK
  Expenses:Bank:Fees  30.00 DKK

2017-09-29 * "MobilePay Stefano Pretto" "Bar, cafe & restaurant" #spiir
  spiir-id: "636423585039216128"
  Assets:Checking:Primary  -67.00 DKK
  Expenses:Food:Restaurant  67.00 DKK

2017-09-29 * "Royal Arena" "Biograf, koncerter & forlystelser" #spiir
  spiir-id: "636425409284213236"
  Assets:Checking:Primary  -195.00 DKK
  Expenses:Entertainment:Events  195.00 DKK

2017-09-30 * "MobilePay Kalles Kaffe" "Bar, cafe & restaurant" #spiir
  spiir-id: "636423829712549411"
  Assets:Checking:Primary  -60.00 DKK
  Expenses:Food:Restaurant  60.00 DKK

2017-09-30 * "VDK DKK 90,00" "Bar, cafe & restaurant" #spiir
  spiir-id: "636425409284213237"
  Assets:Checking:Primary  -90.00 DKK
  Expenses:Food:Restaurant  90.00 DKK

2017-09-30 * "VDK DKK 69,00" "Film, musik & læsestof" #spiir
  spiir-id: "636425409284213238"
  Assets:Checking:Primary  -69.00 DKK
  Expenses:Entertainment:Media  69.00 DKK

2017-09-30 * "Fiol Optik" "Briller & kontaktlinser" #spiir
  spiir-id: "636425409284213239"
  Assets:Checking:Primary  -330.00 DKK
  Expenses:Health:Vision  330.00 DKK

2017-09-30 * "Akademikernes A-Kasse" "Fagforening & a-kasse" #spiir
  spiir-id: "636425409284213240"
  Assets:Checking:Primary  -1302.00 DKK
  Expenses:Insurance:Union  1302.00 DKK

2017-09-30 * "Tryg" "Indbo- & familieforsikring" #spiir
  spiir-id: "636425409284213241"
  Assets:Checking:Primary  -290.08 DKK
  Expenses:House:Contents-Insurance  290.08 DKK

2017-09-30 * "Fitness DK" "Sport & fritid" #spiir
  spiir-id: "636425409284213242"
  Assets:Checking:Primary  -338.75 DKK
  Expenses:Entertainment:Sports  338.75 DKK

2017-09-30 * "3 (hi3g Denmark Aps)" "Telefoni & internet" #spiir
  spiir-id: "636425409284213243"
  Assets:Checking:Primary  -419.25 DKK
  Expenses:Subscriptions:Telecom  419.25 DKK

2017-09-30 * "Dbkk" "Sport & fritid" #spiir
  spiir-id: "636425409284213244"
  Assets:Checking:Primary  -395.00 DKK
  Expenses:Entertainment:Sports  395.00 DKK

2017-09-30 * "Mobilbillet" "Bus, tog, færge o.l." #spiir
  spiir-id: "636425409284213245"
  Assets:Checking:Primary  -24.00 DKK
  Expenses:Transport:Public  24.00 DKK

2017-09-30 * "The Coffee Collect" "Bar, cafe & restaurant" #spiir
  spiir-id: "636425409284213246"
  Assets:Checking:Primary  -35.00 DKK
  Expenses:Food:Restaurant  35.00 DKK

2017-09-30 * "H.W. Larsen & Sønn" "Møbler & boligudstyr" #spiir
  spiir-id: "636425409284213247"
  Assets:Checking:Primary  -396.25 DKK
  Expenses:Shopping:Furniture  396.25 DKK

2017-09-30 * "MobilePay Tim" "Biograf, koncerter & forlystelser" #spiir
  spiir-id: "636431277355418738"
  Assets:Checking:Primary  -545.00 DKK
  Expenses:Entertainment:Events  545.00 DKK

2017-09-30 * "WeShare: Duuuudes" "Biograf, koncerter & forlystelser" #spiir
  spiir-id: "636431277355418739"
  Assets:Checking:Primary  571.96 DKK
  Expenses:Entertainment:Events  -571.96 DKK

2017-09-30 * "WeShare: Duuuudes" "Biograf, koncerter & forlystelser" #spiir
  spiir-id: "636431277355418740"
  Assets:Checking:Primary  571.96 DKK
  Expenses:Entertainment:Events  -571.96 DKK

2017-09-30 * "WeShare: Duuuudes" "Biograf, koncerter & forlystelser" #spiir
  spiir-id: "636431277355418741"
  Assets:Checking:Primary  571.95 DKK
  Expenses:Entertainment:Events  -571.95 DKK

2017-09-30 * "WeShare: Duuuudes" "Biograf, koncerter & forlystelser" #spiir
  spiir-id: "636433940009396381"
  Assets:Checking:Primary  571.96 DKK
  Expenses:Entertainment:Events  -571.96 DKK

2017-10-01 * "MobilePay Coffee N´Milk ApS" "Bar, cafe & restaurant" #spiir
  spiir-id: "636424489010294679"
  Assets:Checking:Primary  -60.00 DKK
  Expenses:Food:Restaurant  60.00 DKK

2017-10-01 * "MobilePay Trine Holm" "Dagligvarer" #spiir
  spiir-id: "636425409284213235"
  Assets:Checking:Primary  -70.00 DKK
  Expenses:Food:Groceries  70.00 DKK

2017-10-02 * "EL" "El, vand, varme & renovation" #spiir
  spiir-id: "636425409284213248"
  Assets:Checking:Primary  -367.00 DKK
  Expenses:House:Heating  367.00 DKK

2017-10-02 * "Madbudget" "" #spiir
  spiir-id: "636425409284213249"
  Assets:Checking:Primary  -2000.00 DKK
  Expenses:Uncategorized  2000.00 DKK

2017-10-02 * "Far" "Private lån (venner & familie)" #spiir
  spiir-id: "636425409284213250"
  Assets:Checking:Primary  -1000.00 DKK
  Expenses:Loans:Private  1000.00 DKK

2017-10-02 * "Mobilbillet" "Bus, tog, færge o.l." #spiir
  spiir-id: "636426253902639283"
  Assets:Checking:Primary  -24.00 DKK
  Expenses:Transport:Public  24.00 DKK

2017-10-02 * "Gebyrer i alt" "Bankgebyrer" #spiir
  spiir-id: "636426253902639284"
  Assets:Checking:Primary  -5.00 DKK
  Expenses:Bank:Fees  5.00 DKK

2017-10-03 * "VDK DKK 80,00" "Film, musik & læsestof" #spiir
  spiir-id: "636426253902639285"
  Assets:Checking:Primary  -80.00 DKK
  Expenses:Entertainment:Media  80.00 DKK

2017-10-03 * "VDK DKK 125,00" "Film, musik & læsestof" #spiir
  spiir-id: "636426253902639286"
  Assets:Checking:Primary  -125.00 DKK
  Expenses:Entertainment:Media  125.00 DKK

2017-10-03 * "Mobilbillet" "Bus, tog, færge o.l." #spiir
  spiir-id: "636426253902639287"
  Assets:Checking:Primary  -24.00 DKK
  Expenses:Transport:Public  24.00 DKK

2017-10-03 * "MobilePay: Jennifer Van Sickle" "Biograf, koncerter & forlystelser" #spiir
  spiir-id: "636427087611856876"
  Assets:Checking:Primary  77.50 DKK
  Expenses:Entertainment:Events  -77.50 DKK

2017-10-03 * "MobilePay: Mayra" "Fastfood & takeaway" #spiir
  spiir-id: "636427087611856877"
  Assets:Checking:Primary  20.00 DKK
  Expenses:Food:Takeaway  -20.00 DKK

2017-10-03 * "MobilePay: Jennifer Van Sickle" "Biograf, koncerter & forlystelser" #spiir
  spiir-id: "636427087611856878"
  Assets:Checking:Primary  25.00 DKK
  Expenses:Entertainment:Events  -25.00 DKK

2017-10-03 * "Netto Landemærket" "Dagligvarer" #spiir
  spiir-id: "636427087611856879"
  Assets:Checking:Primary  -16.45 DKK
  Expenses:Food:Groceries  16.45 DKK

2017-10-03 * "Netto Landemærket" "Dagligvarer" #spiir
  spiir-id: "636427087611856880"
  Assets:Checking:Primary  -149.85 DKK
  Expenses:Food:Groceries  149.85 DKK

2017-10-03 * "Mobilbillet" "Bus, tog, færge o.l." #spiir
  spiir-id: "636427087611856881"
  Assets:Checking:Primary  -24.00 DKK
  Expenses:Transport:Public  24.00 DKK

2017-10-03 * "DSB NETBUTIK" "Bus, tog, færge o.l." #spiir
  spiir-id: "636427087611856882"
  Assets:Checking:Primary  -231.00 DKK
  Expenses:Transport:Public  231.00 DKK

2017-10-04 * "Mobilbillet" "Bus, tog, færge o.l." #spiir
  spiir-id: "636427841417466218"
  Assets:Checking:Primary  -24.00 DKK
  Expenses:Transport:Public  24.00 DKK

2017-10-04 * "Rosenborg Cykler" "Anden transport" #spiir
  spiir-id: "636427841417466219"
  Assets:Checking:Primary  -100.00 DKK
  Expenses:Transport:Other  100.00 DKK

2017-10-05 * "MobilePay Orion Madsen" "Biograf, koncerter & forlystelser" #spiir
  spiir-id: "636428718483753424"
  Assets:Checking:Primary  -200.00 DKK
  Expenses:Entertainment:Events  200.00 DKK

2017-10-06 * "VDK DKK 1114,90" "Tøj, sko & accessories" #spiir
  spiir-id: "636428718483753425"
  Assets:Checking:Primary  -1114.90 DKK
  Expenses:Shopping:Clothing  1114.90 DKK

2017-10-06 * "MobilePay: Tina Jensen" "Fly & Hotel" #spiir
  spiir-id: "636428718483753426"
  Assets:Checking:Primary  1255.10 DKK
  Expenses:Travel:Transport  -1255.10 DKK

2017-10-06 * "DISTRICT TONKIN" "Bar, cafe & restaurant" #spiir
  spiir-id: "636429622569894757"
  Assets:Checking:Primary  -304.00 DKK
  Expenses:Food:Restaurant  304.00 DKK

2017-10-06 * "DSB NETBUTIK" "Bus, tog, færge o.l." #spiir
  spiir-id: "636429622569894758"
  Assets:Checking:Primary  231.00 DKK
  Expenses:Transport:Public  -231.00 DKK

2017-10-07 * "VDK DKK 1255,10" "Fly & Hotel" #spiir
  spiir-id: "636431277355418742"
  Assets:Checking:Primary  -1255.10 DKK
  Expenses:Travel:Transport  1255.10 DKK

2017-10-07 * "VeloBarista" "Bar, cafe & restaurant" #spiir
  spiir-id: "636431277355418743"
  Assets:Checking:Primary  -25.00 DKK
  Expenses:Food:Restaurant  25.00 DKK

2017-10-08 * "MobilePay WeShare" "Behandling & læger" #spiir
  spiir-id: "636431277355418737"
  Assets:Checking:Primary  -925.00 DKK
  Expenses:Health:Doctor  925.00 DKK

2017-10-08 * "Netto Havnestaden" "Dagligvarer" #spiir
  spiir-id: "636431277355418744"
  Assets:Checking:Primary  -128.35 DKK
  Expenses:Food:Groceries  128.35 DKK

2017-10-09 * "Toby's Cafè" "Bar, cafe & restaurant" #spiir
  spiir-id: "636432145193772456"
  Assets:Checking:Primary  -30.00 DKK
  Expenses:Food:Restaurant  30.00 DKK

2017-10-09 * "SuperB Islands B" "Dagligvarer" #spiir
  spiir-id: "636432145193772457"
  Assets:Checking:Primary  -240.85 DKK
  Expenses:Food:Groceries  240.85 DKK

2017-10-09 * "Overførsel" "" #spiir
  spiir-id: "636432145193772458"
  Assets:Checking:Primary  250.00 DKK
  Expenses:Uncategorized  -250.00 DKK

2017-10-10 * "THE COFFEE COLLECT" "Bar, cafe & restaurant" #spiir
  spiir-id: "636432990969753060"
  Assets:Checking:Primary  -73.00 DKK
  Expenses:Food:Restaurant  73.00 DKK

2017-10-10 * "TRUSTPILOT A/S" "Film, musik & læsestof" #spiir
  spiir-id: "636432990969753061"
  Assets:Checking:Primary  242.64 DKK
  Expenses:Entertainment:Media  -242.64 DKK

2017-10-11 * "VDK USD 7,00" "Online services & software" #spiir
  spiir-id: "636432990969753062"
  Assets:Checking:Primary  -45.35 DKK
  Expenses:Subscriptions:Software  45.35 DKK

2017-10-11 * "Kaf' bar 9" "Bar, cafe & restaurant" #spiir
  spiir-id: "636433527778116046"
  Assets:Checking:Primary  -35.00 DKK
  Expenses:Food:Restaurant  35.00 DKK

2017-10-11 * "SuperB Islands B" "Dagligvarer" #spiir
  spiir-id: "636433527778116047"
  Assets:Checking:Primary  -35.95 DKK
  Expenses:Food:Groceries  35.95 DKK

2017-10-13 * "VDK EUR 38,12" "Film, musik & læsestof" #spiir
  spiir-id: "636434706963090775"
  Assets:Checking:Primary  -288.05 DKK
  Expenses:Entertainment:Media  288.05 DKK

2017-10-13 * "VDK USD 6,95" "Ferieaktiviteter" #spiir
  spiir-id: "636434706963090776"
  Assets:Checking:Primary  -44.74 DKK
  Expenses:Travel:Activities  44.74 DKK

2017-10-13 * "Kaf' bar 9" "Bar, cafe & restaurant" #spiir
  spiir-id: "636435583164606665"
  Assets:Checking:Primary  -60.00 DKK
  Expenses:Food:Restaurant  60.00 DKK

2017-10-14 * "Ello Food ApS" "Dagligvarer" #spiir
  spiir-id: "636437504194297738"
  Assets:Checking:Primary  -244.25 DKK
  Expenses:Food:Groceries  244.25 DKK

2017-10-14 * "Ello Food ApS" "Dagligvarer" #spiir
  spiir-id: "636437504194297739"
  Assets:Checking:Primary  -75.00 DKK
  Expenses:Food:Groceries  75.00 DKK

2017-10-14 * "Fisketorvet Føtex" "Dagligvarer" #spiir
  spiir-id: "636437504194297740"
  Assets:Checking:Primary  -80.95 DKK
  Expenses:Food:Groceries  80.95 DKK

2017-10-15 * "Wulff & Konstali F" "Bar, cafe & restaurant" #spiir
  spiir-id: "636437504194297741"
  Assets:Checking:Primary  -33.00 DKK
  Expenses:Food:Restaurant  33.00 DKK

2017-10-16 * "LIDL" "Dagligvarer" #spiir
  spiir-id: "636437688901452381"
  Assets:Checking:Primary  -5.00 DKK
  Expenses:Food:Groceries  5.00 DKK

2017-10-16 * "Netto Havnestaden" "Dagligvarer" #spiir
  spiir-id: "636437688901452382"
  Assets:Checking:Primary  -123.90 DKK
  Expenses:Food:Groceries  123.90 DKK

2017-10-17 * "VDK USD 17,19" "Film, musik & læsestof" #spiir
  spiir-id: "636438214533592516"
  Assets:Checking:Primary  -110.57 DKK
  Expenses:Entertainment:Media  110.57 DKK

2017-10-17 * "VDK DKK 99,00" "Film, musik & læsestof" #spiir
  spiir-id: "636438214533592517"
  Assets:Checking:Primary  -99.00 DKK
  Expenses:Entertainment:Media  99.00 DKK

2017-10-17 * "CHRISTIANSHAVNS AP" "Apotek & medicin" #spiir
  spiir-id: "636439159084183620"
  Assets:Checking:Primary  -49.00 DKK
  Expenses:Health:Pharmacy  49.00 DKK

2017-10-17 * "SILVAN 637 Fisketo" "Ombygning & vedligehold" #spiir
  spiir-id: "636439159084183621"
  Assets:Checking:Primary  -10.00 DKK
  Expenses:House:Renovation  10.00 DKK

2017-10-18 * "VDK DKK 36,00" "Fastfood & takeaway" #spiir
  spiir-id: "636439159084183622"
  Assets:Checking:Primary  -36.00 DKK
  Expenses:Food:Takeaway  36.00 DKK

2017-10-19 * "VDK DKK 138,00" "Online services & software" #spiir
  spiir-id: "636440067998656562"
  Assets:Checking:Primary  -138.00 DKK
  Expenses:Subscriptions:Software  138.00 DKK

2017-10-20 * "Il Buco" "Bar, cafe & restaurant" #spiir
  spiir-id: "636440958490483502"
  Assets:Checking:Primary  -760.00 DKK
  Expenses:Food:Restaurant  760.00 DKK

2017-10-21 * "VDK DKK 36,00" "Fastfood & takeaway" #spiir
  spiir-id: "636443347644710754"
  Assets:Checking:Primary  -36.00 DKK
  Expenses:Food:Takeaway  36.00 DKK

2017-10-21 * "Bootleggers" "Bar, cafe & restaurant" #spiir
  spiir-id: "636443347644710755"
  Assets:Checking:Primary  -40.00 DKK
  Expenses:Food:Restaurant  40.00 DKK

2017-10-22 * "Toby's Cafè" "Bar, cafe & restaurant" #spiir
  spiir-id: "636443347644710756"
  Assets:Checking:Primary  -50.00 DKK
  Expenses:Food:Restaurant  50.00 DKK

2017-10-23 * "Kaf' bar 9" "Bar, cafe & restaurant" #spiir
  spiir-id: "636445037276724233"
  Assets:Checking:Primary  -60.00 DKK
  Expenses:Food:Restaurant  60.00 DKK

2017-10-24 * "VDK DKK 40,00" "Bar, cafe & restaurant" #spiir
  spiir-id: "636445037276724234"
  Assets:Checking:Primary  -40.00 DKK
  Expenses:Food:Restaurant  40.00 DKK

2017-10-24 * "VDK DKK 52,00" "Film, musik & læsestof" #spiir
  spiir-id: "636445037276724235"
  Assets:Checking:Primary  -52.00 DKK
  Expenses:Entertainment:Media  52.00 DKK

2017-10-28 * "MobilePay: Orion Madsen" "Bus, tog, færge o.l." #spiir
  spiir-id: "636448613311084173"
  Assets:Checking:Primary  510.00 DKK
  Expenses:Transport:Public  -510.00 DKK

2017-10-28 * "DSB NETBUTIK" "Bus, tog, færge o.l." #spiir
  spiir-id: "636449474997572979"
  Assets:Checking:Primary  -765.00 DKK
  Expenses:Transport:Public  765.00 DKK

2017-10-28 * "MobilePay" "Fastfood & takeaway" #spiir
  spiir-id: "636449474997572980"
  Assets:Checking:Primary  -42.00 DKK
  Expenses:Food:Takeaway  42.00 DKK

2017-10-29 * "MobilePay Jan Dalsgaard" "Gaver & velgørenhed" #spiir
  spiir-id: "636449474997572978"
  Assets:Checking:Primary  -200.00 DKK
  Expenses:Gifts  200.00 DKK

2017-10-29 * "KIHOSKH A/S" "Kiosk, bager & specialbutikker" #spiir
  spiir-id: "636449474997572981"
  Assets:Checking:Primary  -84.00 DKK
  Expenses:Food:Kiosk  84.00 DKK

2017-10-30 * "Lønoverførsel" "Løn" #spiir
  spiir-id: "636450295160619377"
  Assets:Checking:Primary  29482.33 DKK
  Income:Salary  -29482.33 DKK

2017-10-31 * "Husleje" "Boliglån/husleje" #spiir
  spiir-id: "636450295160619378"
  Assets:Checking:Primary  -4595.00 DKK
  Expenses:House:Mortgage  4595.00 DKK

2017-10-31 * "MobilePay Frisør Hans" "Frisør & personlig pleje" #spiir
  spiir-id: "636450574738079916"
  Assets:Checking:Primary  -180.00 DKK
  Expenses:Shopping:Personal-Care  180.00 DKK

2017-11-01 * "COFFEE ROOM ApS" "Bar, cafe & restaurant" #spiir
  spiir-id: "636451419511877848"
  Assets:Checking:Primary  -39.00 DKK
  Expenses:Food:Restaurant  39.00 DKK

2017-11-01 * "EL" "El, vand, varme & renovation" #spiir
  spiir-id: "636451419511877849"
  Assets:Checking:Primary  -367.00 DKK
  Expenses:House:Heating  367.00 DKK

2017-11-01 * "Madbudget" "" #spiir
  spiir-id: "636451419511877850"
  Assets:Checking:Primary  -2000.00 DKK
  Expenses:Uncategorized  2000.00 DKK

2017-11-01 * "Far" "Gaver & velgørenhed" #spiir
  spiir-id: "636451419511877851"
  Assets:Checking:Primary  -1000.00 DKK
  Expenses:Gifts  1000.00 DKK

2017-11-01 * "Tryg" "Indbo- & familieforsikring" #spiir
  spiir-id: "636451419511877852"
  Assets:Checking:Primary  -126.30 DKK
  Expenses:House:Contents-Insurance  126.30 DKK

2017-11-01 * "Tryg" "Indbo- & familieforsikring" #spiir
  spiir-id: "636451419511877853"
  Assets:Checking:Primary  -188.98 DKK
  Expenses:House:Contents-Insurance  188.98 DKK

2017-11-01 * "Fitness DK" "Sport & fritid" #spiir
  spiir-id: "636451419511877854"
  Assets:Checking:Primary  -338.75 DKK
  Expenses:Entertainment:Sports  338.75 DKK

2017-11-01 * "3 (hi3g Denmark Aps)" "Telefoni & internet" #spiir
  spiir-id: "636451419511877855"
  Assets:Checking:Primary  -419.25 DKK
  Expenses:Subscriptions:Telecom  419.25 DKK

2017-11-01 * "Fiol Optik" "Briller & kontaktlinser" #spiir
  spiir-id: "636451419511877856"
  Assets:Checking:Primary  -330.00 DKK
  Expenses:Health:Vision  330.00 DKK

2017-11-01 * "Dbkk" "Sport & fritid" #spiir
  spiir-id: "636451419511877857"
  Assets:Checking:Primary  -395.00 DKK
  Expenses:Entertainment:Sports  395.00 DKK

2017-11-01 * "VDK DKK 511,25" "Tøj, sko & accessories" #spiir
  spiir-id: "636451419511877858"
  Assets:Checking:Primary  511.25 DKK
  Expenses:Shopping:Clothing  -511.25 DKK

2017-11-01 * "MobilePay Milena Nikolova" "Gaver & velgørenhed" #spiir
  spiir-id: "636451419511877859"
  Assets:Checking:Primary  -50.00 DKK
  Expenses:Gifts  50.00 DKK

2017-11-01 * "MobilePay DSB" "Bus, tog, færge o.l." #spiir
  spiir-id: "636452138531924042"
  Assets:Checking:Primary  -99.00 DKK
  Expenses:Transport:Public  99.00 DKK

2017-11-01 * "MobilePay DSB" "Bus, tog, færge o.l." #spiir
  spiir-id: "636452138531924043"
  Assets:Checking:Primary  -159.00 DKK
  Expenses:Transport:Public  159.00 DKK

2017-11-02 * "VDK DKK 239,00" "Tøj, sko & accessories" #spiir #sokker
  spiir-id: "636452138531924044"
  Assets:Checking:Primary  -239.00 DKK
  Expenses:Shopping:Clothing  239.00 DKK

2017-11-04 * "Ida Ingeniørfore. i Danm" "Fagforening & a-kasse" #spiir
  spiir-id: "636455704941713720"
  Assets:Checking:Primary  -878.25 DKK
  Expenses:Insurance:Union  878.25 DKK

2017-11-08 * "FLAMINGO KEBAB ApS" "Fastfood & takeaway" #spiir
  spiir-id: "636458942149933807"
  Assets:Checking:Primary  -20.00 DKK
  Expenses:Food:Takeaway  20.00 DKK

2017-11-08 * "FRILUFTSLAND A/S" "Gaver & velgørenhed" #spiir
  spiir-id: "636458942149933808"
  Assets:Checking:Primary  -1529.10 DKK
  Expenses:Gifts  1529.10 DKK

2017-11-10 * "VDK DKK 149,00" "Ferieaktiviteter" #spiir
  spiir-id: "636458942149933809"
  Assets:Checking:Primary  -149.00 DKK
  Expenses:Travel:Activities  149.00 DKK

2017-11-11 * "MobilePay DSB" "Bus, tog, færge o.l." #spiir
  spiir-id: "636459936950916914"
  Assets:Checking:Primary  -60.00 DKK
  Expenses:Transport:Public  60.00 DKK

2017-11-11 * "Føtex Prinsessegad" "Gaver & velgørenhed" #spiir
  spiir-id: "636461499619367769"
  Assets:Checking:Primary  -375.20 DKK
  Expenses:Gifts  375.20 DKK

2017-11-11 * "Cafe MUMS" "Bar, cafe & restaurant" #spiir
  spiir-id: "636461499619367770"
  Assets:Checking:Primary  -298.00 DKK
  Expenses:Food:Restaurant  298.00 DKK

2017-11-14 * "Mobilbillet" "Bus, tog, færge o.l." #spiir
  spiir-id: "636463273482426055"
  Assets:Checking:Primary  -24.00 DKK
  Expenses:Transport:Public  24.00 DKK

2017-11-15 * "MobilePay Takeaway App" "Fastfood & takeaway" #spiir
  spiir-id: "636464218283811999"
  Assets:Checking:Primary  -86.10 DKK
  Expenses:Food:Takeaway  86.10 DKK

2017-11-15 * "FRILUFTSLAND A/S" "Tøj, sko & accessories" #spiir
  spiir-id: "636464218283812000"
  Assets:Checking:Primary  1529.10 DKK
  Expenses:Shopping:Clothing  -1529.10 DKK

2017-11-16 * "VDK DKK 99,00" "Film, musik & læsestof" #spiir
  spiir-id: "636464218283812001"
  Assets:Checking:Primary  -99.00 DKK
  Expenses:Entertainment:Media  99.00 DKK

2017-11-17 * "MobilePay Marc Nyholm" "Gaver & velgørenhed" #spiir
  spiir-id: "636465087942036884"
  Assets:Checking:Primary  -54.67 DKK
  Expenses:Gifts  54.67 DKK

2017-11-18 * "VDK DKK 52,00" "Film, musik & læsestof" #spiir
  spiir-id: "636467620411934089"
  Assets:Checking:Primary  -52.00 DKK
  Expenses:Entertainment:Media  52.00 DKK

2017-11-18 * "Mobilbillet" "Bus, tog, færge o.l." #spiir
  spiir-id: "636467620411934090"
  Assets:Checking:Primary  -24.00 DKK
  Expenses:Transport:Public  24.00 DKK

2017-11-18 * "Dansk Bjergklub" "Sport & fritid" #spiir
  spiir-id: "636467620411934091"
  Assets:Checking:Primary  -45.00 DKK
  Expenses:Entertainment:Sports  45.00 DKK

2017-11-18 * "Dansk Bjergklub" "Sport & fritid" #spiir
  spiir-id: "636467620411934092"
  Assets:Checking:Primary  -25.00 DKK
  Expenses:Entertainment:Sports  25.00 DKK

2017-11-20 * "Kaffetårnet" "Bar, cafe & restaurant" #spiir
  spiir-id: "636468530440648140"
  Assets:Checking:Primary  -33.00 DKK
  Expenses:Food:Restaurant  33.00 DKK

2017-11-20 * "Mobilbillet" "Bus, tog, færge o.l." #spiir
  spiir-id: "636468530440648141"
  Assets:Checking:Primary  -24.00 DKK
  Expenses:Transport:Public  24.00 DKK

2017-11-20 * "Mobilbillet" "Bus, tog, færge o.l." #spiir
  spiir-id: "636468530440648142"
  Assets:Checking:Primary  -24.00 DKK
  Expenses:Transport:Public  24.00 DKK

2017-11-21 * "VDK DKK 52,00" "Film, musik & læsestof" #spiir
  spiir-id: "636468530440648143"
  Assets:Checking:Primary  -52.00 DKK
  Expenses:Entertainment:Media  52.00 DKK

2017-11-21 * "VDK DKK 36,00" "Fastfood & takeaway" #spiir
  spiir-id: "636468530440648144"
  Assets:Checking:Primary  -36.00 DKK
  Expenses:Food:Takeaway  36.00 DKK

2017-11-21 * "Wulff & Konstali F" "Bar, cafe & restaurant" #spiir
  spiir-id: "636469415302822447"
  Assets:Checking:Primary  -46.00 DKK
  Expenses:Food:Restaurant  46.00 DKK

2017-11-21 * "Mobilbillet" "Bus, tog, færge o.l." #spiir
  spiir-id: "636469415302822448"
  Assets:Checking:Primary  -24.00 DKK
  Expenses:Transport:Public  24.00 DKK

2017-11-21 * "THE COFFEE COLLECT" "Bar, cafe & restaurant" #spiir
  spiir-id: "636469415302822449"
  Assets:Checking:Primary  -32.00 DKK
  Expenses:Food:Restaurant  32.00 DKK

2017-11-21 * "Mobilbillet" "Bus, tog, færge o.l." #spiir
  spiir-id: "636469415302822450"
  Assets:Checking:Primary  -24.00 DKK
  Expenses:Transport:Public  24.00 DKK

2017-11-22 * "Mobilbillet" "Bus, tog, færge o.l." #spiir
  spiir-id: "636470267683539583"
  Assets:Checking:Primary  -24.00 DKK
  Expenses:Transport:Public  24.00 DKK

2017-11-22 * "Kaffetårnet" "Bar, cafe & restaurant" #spiir
  spiir-id: "636470267683539584"
  Assets:Checking:Primary  -30.00 DKK
  Expenses:Food:Restaurant  30.00 DKK

2017-11-22 * "Mobilbillet" "Bus, tog, færge o.l." #spiir
  spiir-id: "636470267683539585"
  Assets:Checking:Primary  -24.00 DKK
  Expenses:Transport:Public  24.00 DKK

2017-11-23 * "Kaffetårnet" "Bar, cafe & restaurant" #spiir
  spiir-id: "636471077876619135"
  Assets:Checking:Primary  -30.00 DKK
  Expenses:Food:Restaurant  30.00 DKK

2017-11-23 * "Mobilbillet" "Bus, tog, færge o.l." #spiir
  spiir-id: "636471077876619136"
  Assets:Checking:Primary  -24.00 DKK
  Expenses:Transport:Public  24.00 DKK

2017-11-23 * "Mobilbillet" "Bus, tog, færge o.l." #spiir
  spiir-id: "636471077876619137"
  Assets:Checking:Primary  -24.00 DKK
  Expenses:Transport:Public  24.00 DKK

2017-11-24 * "Mobilbillet" "Bus, tog, færge o.l." #spiir
  spiir-id: "636471947880578217"
  Assets:Checking:Primary  -24.00 DKK
  Expenses:Transport:Public  24.00 DKK

2017-11-24 * "Kaffetårnet" "Bar, cafe & restaurant" #spiir
  spiir-id: "636471947880578218"
  Assets:Checking:Primary  -30.00 DKK
  Expenses:Food:Restaurant  30.00 DKK

2017-11-24 * "MobilePay: Christofilina Papathoma" "Fastfood & takeaway" #spiir
  spiir-id: "636471947880578219"
  Assets:Checking:Primary  79.00 DKK
  Expenses:Food:Takeaway  -79.00 DKK

2017-11-24 * "MobilePay: Paulo José Meneses Ribeiro Da Cunha" "Fastfood & takeaway" #spiir
  spiir-id: "636471947880578220"
  Assets:Checking:Primary  79.00 DKK
  Expenses:Food:Takeaway  -79.00 DKK

2017-11-24 * "MobilePay: Stefano Pretto" "Fastfood & takeaway" #spiir
  spiir-id: "636471947880578221"
  Assets:Checking:Primary  79.00 DKK
  Expenses:Food:Takeaway  -79.00 DKK

2017-11-24 * "MobilePay: Daniel Meakin" "Fastfood & takeaway" #spiir
  spiir-id: "636471947880578222"
  Assets:Checking:Primary  79.00 DKK
  Expenses:Food:Takeaway  -79.00 DKK

2017-11-24 * "MobilePay: Carlos Filipe Pinto Da Conceicao" "Fastfood & takeaway" #spiir
  spiir-id: "636471947880578223"
  Assets:Checking:Primary  79.00 DKK
  Expenses:Food:Takeaway  -79.00 DKK

2017-11-24 * "La Perla" "Bar, cafe & restaurant" #spiir
  spiir-id: "636471947880578224"
  Assets:Checking:Primary  -553.00 DKK
  Expenses:Food:Restaurant  553.00 DKK

2017-11-25 * "TRYK BAR ApS" "Bar, cafe & restaurant" #spiir
  spiir-id: "636473857613220506"
  Assets:Checking:Primary  -72.00 DKK
  Expenses:Food:Restaurant  72.00 DKK

2017-11-25 * "Mobilbillet" "Bus, tog, færge o.l." #spiir
  spiir-id: "636473857613220507"
  Assets:Checking:Primary  -24.00 DKK
  Expenses:Transport:Public  24.00 DKK

2017-11-26 * "MobilePay Signe Poulsen" "Gaver & velgørenhed" #spiir
  spiir-id: "636473242847666878"
  Assets:Checking:Primary  -5.00 DKK
  Expenses:Gifts  5.00 DKK

2017-11-26 * "Peak Performance" "Tøj, sko & accessories" #spiir
  spiir-id: "636473857613220508"
  Assets:Checking:Primary  -910.00 DKK
  Expenses:Shopping:Clothing  910.00 DKK

2017-11-26 * "Peak Performance" "Tøj, sko & accessories" #spiir
  spiir-id: "636473857613220509"
  Assets:Checking:Primary  -675.00 DKK
  Expenses:Shopping:Clothing  675.00 DKK

2017-11-28 * "VDK DKK 36,00" "Fastfood & takeaway" #spiir
  spiir-id: "636474607706045687"
  Assets:Checking:Primary  -36.00 DKK
  Expenses:Food:Takeaway  36.00 DKK

2017-11-28 * "VDK DKK 180,82" "Tøj, sko & accessories" #spiir
  spiir-id: "636474607706045688"
  Assets:Checking:Primary  -180.82 DKK
  Expenses:Shopping:Clothing  180.82 DKK

2017-11-28 * "VDK USD 7,00" "Online services & software" #spiir
  spiir-id: "636474607706045689"
  Assets:Checking:Primary  -44.90 DKK
  Expenses:Subscriptions:Software  44.90 DKK

2017-11-28 * "VDK DKK 30,82" "Anden transport" #spiir
  spiir-id: "636474607706045690"
  Assets:Checking:Primary  -30.82 DKK
  Expenses:Transport:Other  30.82 DKK

2017-11-28 * "VDK DKK 52,00" "Film, musik & læsestof" #spiir
  spiir-id: "636474607706045691"
  Assets:Checking:Primary  -52.00 DKK
  Expenses:Entertainment:Media  52.00 DKK

2017-11-28 * "Mobilbillet" "Bus, tog, færge o.l." #spiir
  spiir-id: "636475096803808914"
  Assets:Checking:Primary  -24.00 DKK
  Expenses:Transport:Public  24.00 DKK

2017-11-28 * "Kaffetårnet" "Bar, cafe & restaurant" #spiir
  spiir-id: "636475096803808915"
  Assets:Checking:Primary  -30.00 DKK
  Expenses:Food:Restaurant  30.00 DKK

2017-11-28 * "Mobilbillet" "Bus, tog, færge o.l." #spiir
  spiir-id: "636475096803808916"
  Assets:Checking:Primary  -24.00 DKK
  Expenses:Transport:Public  24.00 DKK

2017-11-29 * "COFFEE ROOM ApS" "Bar, cafe & restaurant" #spiir
  spiir-id: "636475582566428475"
  Assets:Checking:Primary  -39.00 DKK
  Expenses:Food:Restaurant  39.00 DKK

2017-11-29 * "Til Danske Netopsparing" "Kontooverførsel" #spiir
  spiir-id: "636475582566428476"
  Assets:Checking:Primary  -52000.00 DKK
  Assets:Transfer  52000.00 DKK

2017-11-29 * "VDK DKK 36,00" "Fastfood & takeaway" #spiir
  spiir-id: "636475582566428477"
  Assets:Checking:Primary  -36.00 DKK
  Expenses:Food:Takeaway  36.00 DKK

2017-11-29 * "MobilePay: Dessouky" "Fastfood & takeaway" #spiir
  spiir-id: "636475582566428478"
  Assets:Checking:Primary  79.00 DKK
  Expenses:Food:Takeaway  -79.00 DKK

2017-11-29 * "IKEA" "Møbler & boligudstyr" #spiir
  spiir-id: "636475582566428479"
  Assets:Checking:Primary  -1541.00 DKK
  Expenses:Shopping:Furniture  1541.00 DKK

2017-11-29 * "Mobilbillet" "Bus, tog, færge o.l." #spiir
  spiir-id: "636475582566428480"
  Assets:Checking:Primary  -24.00 DKK
  Expenses:Transport:Public  24.00 DKK

2017-11-29 * "Mobilbillet" "Bus, tog, færge o.l." #spiir
  spiir-id: "636476437163947169"
  Assets:Checking:Primary  -24.00 DKK
  Expenses:Transport:Public  24.00 DKK

2017-11-30 * "Husleje" "Boliglån/husleje" #spiir
  spiir-id: "636476437163947170"
  Assets:Checking:Primary  -4595.00 DKK
  Expenses:House:Mortgage  4595.00 DKK

2017-11-30 * "Mobilbillet" "Bus, tog, færge o.l." #spiir
  spiir-id: "636476437163947171"
  Assets:Checking:Primary  -24.00 DKK
  Expenses:Transport:Public  24.00 DKK

2017-11-30 * "Mobilbillet" "Bus, tog, færge o.l." #spiir
  spiir-id: "636476632470761279"
  Assets:Checking:Primary  -24.00 DKK
  Expenses:Transport:Public  24.00 DKK

2017-11-30 * "Lønoverførsel" "Løn" #spiir
  spiir-id: "636477375621545723"
  Assets:Checking:Primary  25294.33 DKK
  Income:Salary  -25294.33 DKK

2017-12-01 * "EL" "El, vand, varme & renovation" #spiir
  spiir-id: "636477375621545724"
  Assets:Checking:Primary  -367.00 DKK
  Expenses:House:Heating  367.00 DKK

2017-12-01 * "Madbudget" "Dagligvarer" #spiir
  spiir-id: "636477375621545725"
  Assets:Checking:Primary  -2000.00 DKK
  Expenses:Food:Groceries  2000.00 DKK

2017-12-01 * "Far" "Gaver & velgørenhed" #spiir
  spiir-id: "636477375621545726"
  Assets:Checking:Primary  -1000.00 DKK
  Expenses:Gifts  1000.00 DKK

2017-12-01 * "Dbkk" "Sport & fritid" #spiir
  spiir-id: "636477375621545727"
  Assets:Checking:Primary  -395.00 DKK
  Expenses:Entertainment:Sports  395.00 DKK

2017-12-01 * "Fitness DK" "Sport & fritid" #spiir
  spiir-id: "636477375621545728"
  Assets:Checking:Primary  -338.75 DKK
  Expenses:Entertainment:Sports  338.75 DKK

2017-12-01 * "3 (hi3g Denmark Aps)" "Telefoni & internet" #spiir
  spiir-id: "636477375621545729"
  Assets:Checking:Primary  -419.25 DKK
  Expenses:Subscriptions:Telecom  419.25 DKK

2017-12-01 * "Fiol Optik" "Briller & kontaktlinser" #spiir
  spiir-id: "636477375621545730"
  Assets:Checking:Primary  -330.00 DKK
  Expenses:Health:Vision  330.00 DKK

2017-12-01 * "Mobilbillet" "Bus, tog, færge o.l." #spiir
  spiir-id: "636477375621545731"
  Assets:Checking:Primary  -24.00 DKK
  Expenses:Transport:Public  24.00 DKK

2017-12-01 * "Kaffetårnet" "Bar, cafe & restaurant" #spiir
  spiir-id: "636477375621545732"
  Assets:Checking:Primary  -30.00 DKK
  Expenses:Food:Restaurant  30.00 DKK

2017-12-01 * "Sø-konditoriet" "Kiosk, bager & specialbutikker" #spiir
  spiir-id: "636478019050089188"
  Assets:Checking:Primary  -7.00 DKK
  Expenses:Food:Kiosk  7.00 DKK

2017-12-02 * "MobilePay Jakob Tolstrup Bech" "Tobak & alkohol" #spiir
  spiir-id: "636478841953076596"
  Assets:Checking:Primary  -200.00 DKK
  Expenses:Food:Alcohol  200.00 DKK

2017-12-02 * "Mobilbillet" "Bus, tog, færge o.l." #spiir
  spiir-id: "636479679722771898"
  Assets:Checking:Primary  -24.00 DKK
  Expenses:Transport:Public  24.00 DKK

2017-12-02 * "Mobilbillet" "Bus, tog, færge o.l." #spiir
  spiir-id: "636479679722771899"
  Assets:Checking:Primary  -24.00 DKK
  Expenses:Transport:Public  24.00 DKK

2017-12-03 * "MobilePay Daniel Meakin" "Tobak & alkohol" #spiir
  spiir-id: "636479679722771897"
  Assets:Checking:Primary  -175.00 DKK
  Expenses:Food:Alcohol  175.00 DKK

2017-12-03 * "Mobilbillet" "Bus, tog, færge o.l." #spiir
  spiir-id: "636479679722771900"
  Assets:Checking:Primary  -24.00 DKK
  Expenses:Transport:Public  24.00 DKK

2017-12-03 * "Azra ApS" "Kiosk, bager & specialbutikker" #spiir
  spiir-id: "636479679722771901"
  Assets:Checking:Primary  -27.50 DKK
  Expenses:Food:Kiosk  27.50 DKK

2017-12-04 * "Mobilbillet" "Bus, tog, færge o.l." #spiir
  spiir-id: "636480548349712861"
  Assets:Checking:Primary  -24.00 DKK
  Expenses:Transport:Public  24.00 DKK

2017-12-04 * "Mobilbillet" "Bus, tog, færge o.l." #spiir
  spiir-id: "636480548349712862"
  Assets:Checking:Primary  -24.00 DKK
  Expenses:Transport:Public  24.00 DKK

2017-12-04 * "Mobilbillet" "Bus, tog, færge o.l." #spiir
  spiir-id: "636480548349712863"
  Assets:Checking:Primary  -24.00 DKK
  Expenses:Transport:Public  24.00 DKK

2017-12-05 * "VDK DKK 36,00" "Fastfood & takeaway" #spiir
  spiir-id: "636480548349712864"
  Assets:Checking:Primary  -36.00 DKK
  Expenses:Food:Takeaway  36.00 DKK

2017-12-05 * "Mobilbillet" "Bus, tog, færge o.l." #spiir
  spiir-id: "636482280492749879"
  Assets:Checking:Primary  -24.00 DKK
  Expenses:Transport:Public  24.00 DKK

2017-12-05 * "Mobilbillet" "Bus, tog, færge o.l." #spiir
  spiir-id: "636482280492749880"
  Assets:Checking:Primary  -24.00 DKK
  Expenses:Transport:Public  24.00 DKK

2017-12-06 * "JUST EAT.DK ApS" "Fastfood & takeaway" #spiir
  spiir-id: "636482280492932615"
  Assets:Checking:Primary  -90.10 DKK
  Expenses:Food:Takeaway  90.10 DKK

2017-12-06 * "Mobilbillet" "Bus, tog, færge o.l." #spiir
  spiir-id: "636482280492932616"
  Assets:Checking:Primary  -24.00 DKK
  Expenses:Transport:Public  24.00 DKK

2017-12-06 * "DSB Nørreport Aut" "Bus, tog, færge o.l." #spiir
  spiir-id: "636482280492932617"
  Assets:Checking:Primary  -24.00 DKK
  Expenses:Transport:Public  24.00 DKK

2017-12-07 * "Mobilbillet" "Bus, tog, færge o.l." #spiir
  spiir-id: "636483147633073294"
  Assets:Checking:Primary  -24.00 DKK
  Expenses:Transport:Public  24.00 DKK

2017-12-07 * "E BILLET A/S" "Biograf, koncerter & forlystelser" #spiir
  spiir-id: "636483147633073295"
  Assets:Checking:Primary  -336.39 DKK
  Expenses:Entertainment:Events  336.39 DKK

2017-12-08 * "Udk Studielån" "Studielån" #spiir
  spiir-id: "636483147633073296"
  Assets:Checking:Primary  -205.00 DKK
  Expenses:Loans:Student  205.00 DKK

2017-12-08 * "Emmerys (380)" "Bar, cafe & restaurant" #spiir
  spiir-id: "636483943587286694"
  Assets:Checking:Primary  -65.00 DKK
  Expenses:Food:Restaurant  65.00 DKK

2017-12-09 * "VDK USD 17,19" "Film, musik & læsestof" #spiir
  spiir-id: "636485926028563238"
  Assets:Checking:Primary  -110.85 DKK
  Expenses:Entertainment:Media  110.85 DKK

2017-12-10 * "MobilePay Magnus Eriksen" "Gaver & velgørenhed" #spiir
  spiir-id: "636485287480055214"
  Assets:Checking:Primary  -800.00 DKK
  Expenses:Gifts  800.00 DKK

2017-12-11 * "MobilePay Jasper Arildslund" "Bar, cafe & restaurant" #spiir
  spiir-id: "636485926028563239"
  Assets:Checking:Primary  -35.00 DKK
  Expenses:Food:Restaurant  35.00 DKK

2017-12-11 * "BEAU MARCHÉ" "Bar, cafe & restaurant" #spiir
  spiir-id: "636486612791719825"
  Assets:Checking:Primary  -1298.00 DKK
  Expenses:Food:Restaurant  1298.00 DKK

2017-12-12 * "VDK DKK 25,00" "Ferieaktiviteter" #spiir
  spiir-id: "636486612791719826"
  Assets:Checking:Primary  -25.00 DKK
  Expenses:Travel:Activities  25.00 DKK

2017-12-12 * "VDK DKK 90,00" "Bar, cafe & restaurant" #spiir
  spiir-id: "636486612791719827"
  Assets:Checking:Primary  -90.00 DKK
  Expenses:Food:Restaurant  90.00 DKK

2017-12-12 * "VDK DKK 105,00" "" #spiir
  spiir-id: "636486612791719828"
  Assets:Checking:Primary  -105.00 DKK
  Expenses:Uncategorized  105.00 DKK

2017-12-12 * "VDK DKK 38,00" "" #spiir
  spiir-id: "636486612791719829"
  Assets:Checking:Primary  -38.00 DKK
  Expenses:Uncategorized  38.00 DKK

2017-12-12 * "Fitness dk (nr.37)" "Sport & fritid" #spiir
  spiir-id: "636487524070374843"
  Assets:Checking:Primary  -60.00 DKK
  Expenses:Entertainment:Sports  60.00 DKK

2017-12-12 * "MobilePay Frisør Hans" "Frisør & personlig pleje" #spiir
  spiir-id: "636487524070374844"
  Assets:Checking:Primary  -180.00 DKK
  Expenses:Shopping:Personal-Care  180.00 DKK

2017-12-13 * "VDK DKK 36,00" "Fastfood & takeaway" #spiir
  spiir-id: "636487524070374845"
  Assets:Checking:Primary  -36.00 DKK
  Expenses:Food:Takeaway  36.00 DKK

2017-12-13 * "Empire Bio A/S" "Biograf, koncerter & forlystelser" #spiir
  spiir-id: "636488260971215953"
  Assets:Checking:Primary  -43.00 DKK
  Expenses:Entertainment:Events  43.00 DKK

2017-12-14 * "VDK DKK 99,00" "Film, musik & læsestof" #spiir
  spiir-id: "636488260971215954"
  Assets:Checking:Primary  -99.00 DKK
  Expenses:Entertainment:Media  99.00 DKK

2017-12-14 * "MobilePay: Orion Madsen" "Gaver & velgørenhed" #spiir
  spiir-id: "636489125081962379"
  Assets:Checking:Primary  225.00 DKK
  Expenses:Gifts  -225.00 DKK

2017-12-14 * "Brus ApS" "Tøj, sko & accessories" #spiir
  spiir-id: "636489125081962380"
  Assets:Checking:Primary  -55.00 DKK
  Expenses:Shopping:Clothing  55.00 DKK

2017-12-14 * "DSB 646 Kn RKA" "Bus, tog, færge o.l." #spiir
  spiir-id: "636489125081962381"
  Assets:Checking:Primary  -200.00 DKK
  Expenses:Transport:Public  200.00 DKK

2017-12-15 * "VDK USD 17,19" "Film, musik & læsestof" #spiir
  spiir-id: "636489125081962382"
  Assets:Checking:Primary  -111.27 DKK
  Expenses:Entertainment:Media  111.27 DKK

2017-12-15 * "MobilePay: Jørn Schou-Rode" "Bar, cafe & restaurant" #spiir
  spiir-id: "636490053159889508"
  Assets:Checking:Primary  45.00 DKK
  Expenses:Food:Restaurant  -45.00 DKK

2017-12-15 * "Netto Landemærket" "Dagligvarer" #spiir
  spiir-id: "636490053159889509"
  Assets:Checking:Primary  -75.00 DKK
  Expenses:Food:Groceries  75.00 DKK

2017-12-16 * "MobilePay: Orion Madsen" "Gaver & velgørenhed" #spiir
  spiir-id: "636490859696056851"
  Assets:Checking:Primary  200.00 DKK
  Expenses:Gifts  -200.00 DKK

2017-12-16 * "VDK USD 8,85" "" #spiir
  spiir-id: "636491950630745017"
  Assets:Checking:Primary  -57.10 DKK
  Expenses:Uncategorized  57.10 DKK

2017-12-16 * "Falafel-House" "Fastfood & takeaway" #spiir
  spiir-id: "636491950630745018"
  Assets:Checking:Primary  -62.00 DKK
  Expenses:Food:Takeaway  62.00 DKK

2017-12-16 * "Issa Marked" "Kiosk, bager & specialbutikker" #spiir
  spiir-id: "636491950630745019"
  Assets:Checking:Primary  -100.00 DKK
  Expenses:Food:Kiosk  100.00 DKK

2017-12-17 * "MobilePay: Orion Madsen" "Gaver & velgørenhed" #spiir
  spiir-id: "636491950630745016"
  Assets:Checking:Primary  90.00 DKK
  Expenses:Gifts  -90.00 DKK

2017-12-17 * "Illums Bolighus" "Møbler & boligudstyr" #spiir
  spiir-id: "636491950630745020"
  Assets:Checking:Primary  -449.95 DKK
  Expenses:Shopping:Furniture  449.95 DKK

2017-12-17 * "Issa Marked" "Kiosk, bager & specialbutikker" #spiir
  spiir-id: "636491950630745021"
  Assets:Checking:Primary  -45.00 DKK
  Expenses:Food:Kiosk  45.00 DKK

2017-12-17 * "LIDL" "Dagligvarer" #spiir
  spiir-id: "636491950630745022"
  Assets:Checking:Primary  -181.40 DKK
  Expenses:Food:Groceries  181.40 DKK

2017-12-18 * "Arket" "Tøj, sko & accessories" #spiir
  spiir-id: "636491950630745023"
  Assets:Checking:Primary  -200.00 DKK
  Expenses:Shopping:Clothing  200.00 DKK

2017-12-19 * "VDK DKK 157,50" "" #spiir
  spiir-id: "636492788682776704"
  Assets:Checking:Primary  -157.50 DKK
  Expenses:Uncategorized  157.50 DKK

2017-12-19 * "VDK USD 19,95" "Online services & software" #spiir
  spiir-id: "636492788682776705"
  Assets:Checking:Primary  -128.99 DKK
  Expenses:Subscriptions:Software  128.99 DKK

2017-12-19 * "VDK DKK 149,00" "Ferieaktiviteter" #spiir
  spiir-id: "636492788682776706"
  Assets:Checking:Primary  -149.00 DKK
  Expenses:Travel:Activities  149.00 DKK

2017-12-19 * "MobilePay Annette Clausen" "Bar, cafe & restaurant" #spiir
  spiir-id: "636493559398623505"
  Assets:Checking:Primary  -35.00 DKK
  Expenses:Food:Restaurant  35.00 DKK

2017-12-19 * "MobilePay Orion Madsen" "Gaver & velgørenhed" #spiir
  spiir-id: "636493559398623506"
  Assets:Checking:Primary  -650.00 DKK
  Expenses:Gifts  650.00 DKK

2017-12-19 * "MobilePay Orion Madsen" "Gaver & velgørenhed" #spiir
  spiir-id: "636493559398623507"
  Assets:Checking:Primary  -433.00 DKK
  Expenses:Gifts  433.00 DKK

2017-12-19 * "MobilePay: Orion Madsen" "Gaver & velgørenhed" #spiir
  spiir-id: "636493559398623508"
  Assets:Checking:Primary  338.00 DKK
  Expenses:Gifts  -338.00 DKK

2017-12-20 * "DSB NETBUTIK" "Bus, tog, færge o.l." #spiir
  spiir-id: "636493559398623509"
  Assets:Checking:Primary  -676.00 DKK
  Expenses:Transport:Public  676.00 DKK

2017-12-20 * "VDK DKK 5,00" "Fastfood & takeaway" #spiir
  spiir-id: "636493559398623510"
  Assets:Checking:Primary  -5.00 DKK
  Expenses:Food:Takeaway  5.00 DKK

2017-12-21 * "VDK DKK 630,00" "" #spiir
  spiir-id: "636494382823782829"
  Assets:Checking:Primary  -630.00 DKK
  Expenses:Uncategorized  630.00 DKK

2017-12-21 * "VAISENHUS APOTEK" "Apotek & medicin" #spiir
  spiir-id: "636495243101206974"
  Assets:Checking:Primary  -153.40 DKK
  Expenses:Health:Pharmacy  153.40 DKK

2017-12-22 * "VDK DKK 36,00" "Fastfood & takeaway" #spiir
  spiir-id: "636495243101206975"
  Assets:Checking:Primary  -36.00 DKK
  Expenses:Food:Takeaway  36.00 DKK

2017-12-22 * "VDK DKK 600,00" "Tips & lotto" #spiir
  spiir-id: "636495243101206976"
  Assets:Checking:Primary  -600.00 DKK
  Expenses:Entertainment:Gambling  600.00 DKK

2017-12-22 * "Føtex Prinsessegad" "Dagligvarer" #spiir
  spiir-id: "636496161187023248"
  Assets:Checking:Primary  -104.00 DKK
  Expenses:Food:Groceries  104.00 DKK

2017-12-22 * "Imerco Frericia" "Gaver & velgørenhed" #spiir
  spiir-id: "636496161187023249"
  Assets:Checking:Primary  -399.95 DKK
  Expenses:Gifts  399.95 DKK

2017-12-23 * "VDK DKK 36,00" "Fastfood & takeaway" #spiir
  spiir-id: "636499519090462099"
  Assets:Checking:Primary  -36.00 DKK
  Expenses:Food:Takeaway  36.00 DKK

2017-12-23 * "DSB 7-Eleven Kvikk" "Kiosk, bager & specialbutikker" #spiir
  spiir-id: "636499519090462100"
  Assets:Checking:Primary  -53.20 DKK
  Expenses:Food:Kiosk  53.20 DKK

2017-12-23 * "Fakta 194" "Dagligvarer" #spiir
  spiir-id: "636499519090462101"
  Assets:Checking:Primary  -69.30 DKK
  Expenses:Food:Groceries  69.30 DKK

2017-12-23 * "Fredericia Isenkra" "Gaver & velgørenhed" #spiir
  spiir-id: "636499519090462102"
  Assets:Checking:Primary  -49.95 DKK
  Expenses:Gifts  49.95 DKK

2017-12-23 * "Føtex Prinsessegad" "Dagligvarer" #spiir
  spiir-id: "636499519090462103"
  Assets:Checking:Primary  -98.90 DKK
  Expenses:Food:Groceries  98.90 DKK

2017-12-24 * "MobilePay Orion Madsen" "Gaver & velgørenhed" #spiir
  spiir-id: "636496936444583367"
  Assets:Checking:Primary  -350.00 DKK
  Expenses:Gifts  350.00 DKK

2017-12-25 * "Al Zahraa Marked v" "Dagligvarer" #spiir
  spiir-id: "636499519090462104"
  Assets:Checking:Primary  -32.00 DKK
  Expenses:Food:Groceries  32.00 DKK

2017-12-25 * "KUNG FU TIVOLI" "Bar, cafe & restaurant" #spiir
  spiir-id: "636499519090462105"
  Assets:Checking:Primary  -42.00 DKK
  Expenses:Food:Restaurant  42.00 DKK

2017-12-25 * "RETREAT" "Bar, cafe & restaurant" #spiir
  spiir-id: "636499519090462106"
  Assets:Checking:Primary  -20.00 DKK
  Expenses:Food:Restaurant  20.00 DKK

2017-12-27 * "MobilePay Conny Poulsen" "Sommerhus & camping" #spiir
  spiir-id: "636500395581500524"
  Assets:Checking:Primary  -1375.00 DKK
  Expenses:Travel:Accommodation  1375.00 DKK

2017-12-28 * "VDK EUR 1,00" "Ferieaktiviteter" #spiir
  spiir-id: "636500395581500525"
  Assets:Checking:Primary  -7.56 DKK
  Expenses:Travel:Activities  7.56 DKK

2017-12-28 * "VDK USD 7,00" "Online services & software" #spiir
  spiir-id: "636500395581500526"
  Assets:Checking:Primary  -44.98 DKK
  Expenses:Subscriptions:Software  44.98 DKK

2017-12-28 * "MobilePay Jan Dalsgaard" "Anden transport" #spiir
  spiir-id: "636501372433131001"
  Assets:Checking:Primary  -50.00 DKK
  Expenses:Transport:Other  50.00 DKK

2017-12-28 * "Lønoverførsel" "Løn" #spiir
  spiir-id: "636501372433131002"
  Assets:Checking:Primary  20583.33 DKK
  Income:Salary  -20583.33 DKK

2017-12-29 * "VDK DKK 69,00" "Film, musik & læsestof" #spiir
  spiir-id: "636501372433131003"
  Assets:Checking:Primary  -69.00 DKK
  Expenses:Entertainment:Media  69.00 DKK

2017-12-29 * "VDK EUR 99,00" "Ferieaktiviteter" #spiir
  spiir-id: "636501372433131004"
  Assets:Checking:Primary  -748.28 DKK
  Expenses:Travel:Activities  748.28 DKK

2017-12-29 * "Husleje" "Boliglån/husleje" #spiir
  spiir-id: "636501372433131005"
  Assets:Checking:Primary  -4595.00 DKK
  Expenses:House:Mortgage  4595.00 DKK

2017-12-29 * "Rejsekort - DSB" "Bus, tog, færge o.l." #spiir
  spiir-id: "636502162920776747"
  Assets:Checking:Primary  -300.00 DKK
  Expenses:Transport:Public  300.00 DKK

2017-12-29 * "Netto Landemærket" "Dagligvarer" #spiir
  spiir-id: "636502162920776748"
  Assets:Checking:Primary  -73.95 DKK
  Expenses:Food:Groceries  73.95 DKK

2017-12-29 * "Gebyrer i alt" "Bankgebyrer" #spiir
  spiir-id: "636502162920776749"
  Assets:Checking:Primary  -90.00 DKK
  Expenses:Bank:Fees  90.00 DKK

2017-12-30 * "MobilePay: Signe Poulsen" "Biograf, koncerter & forlystelser" #spiir
  spiir-id: "636502362335102444"
  Assets:Checking:Primary  1.00 DKK
  Expenses:Entertainment:Events  -1.00 DKK

2017-12-30 * "MobilePay: Signe Poulsen" "Biograf, koncerter & forlystelser" #spiir
  spiir-id: "636502362335102445"
  Assets:Checking:Primary  1.00 DKK
  Expenses:Entertainment:Events  -1.00 DKK

2017-12-30 * "Til Opsparing" "Anden opsparing" #spiir
  spiir-id: "636503195148984689"
  Assets:Checking:Primary  -3500.00 DKK
  Assets:Savings:Other  3500.00 DKK

2017-12-30 * "VDK DKK 281,00" "" #spiir
  spiir-id: "636504741386816711"
  Assets:Checking:Primary  -281.00 DKK
  Expenses:Uncategorized  281.00 DKK

2017-12-30 * "Dbkk" "Sport & fritid" #spiir
  spiir-id: "636504741386816712"
  Assets:Checking:Primary  -395.00 DKK
  Expenses:Entertainment:Sports  395.00 DKK

2017-12-30 * "3 (hi3g Denmark Aps)" "Telefoni & internet" #spiir
  spiir-id: "636504741386816713"
  Assets:Checking:Primary  -419.25 DKK
  Expenses:Subscriptions:Telecom  419.25 DKK

2017-12-30 * "Fitness DK" "Sport & fritid" #spiir
  spiir-id: "636504741386816714"
  Assets:Checking:Primary  -338.75 DKK
  Expenses:Entertainment:Sports  338.75 DKK

2017-12-30 * "Akademikernes A-Kasse" "Fagforening & a-kasse" #spiir
  spiir-id: "636504741386816715"
  Assets:Checking:Primary  -1308.00 DKK
  Expenses:Insurance:Union  1308.00 DKK

2017-12-30 * "Tryg" "Indbo- & familieforsikring" #spiir
  spiir-id: "636504741386816716"
  Assets:Checking:Primary  -779.40 DKK
  Expenses:House:Contents-Insurance  779.40 DKK

2017-12-30 * "Fiol Optik" "Briller & kontaktlinser" #spiir
  spiir-id: "636504741386816717"
  Assets:Checking:Primary  -330.00 DKK
  Expenses:Health:Vision  330.00 DKK

2017-12-30 * "Fisketorvet Føtex" "Dagligvarer" #spiir
  spiir-id: "636504741386816718"
  Assets:Checking:Primary  -475.45 DKK
  Expenses:Food:Groceries  475.45 DKK

2017-12-30 * "DISTRICT TONKIN" "Bar, cafe & restaurant" #spiir
  spiir-id: "636504741386981322"
  Assets:Checking:Primary  -232.00 DKK
  Expenses:Food:Restaurant  232.00 DKK

2017-12-30 * "Samsøe & Samsøe Kø" "Tøj, sko & accessories" #spiir
  spiir-id: "636504741386981323"
  Assets:Checking:Primary  -650.00 DKK
  Expenses:Shopping:Clothing  650.00 DKK

