; Spiir import for 2018
; Generated by import_spiir.py

2018-01-01 * "Rente" "Udlånsrenter" #spiir
  spiir-id: "636503909706257008"
  Assets:Checking:Primary  -22.43 DKK
  Expenses:Loans:Interest  22.43 DKK

2018-01-02 * "EL" "El, vand, varme & renovation" #spiir
  spiir-id: "636504741386981324"
  Assets:Checking:Primary  -367.00 DKK
  Expenses:House:Heating  367.00 DKK

2018-01-02 * "Madbudget" "Dagligvarer" #spiir
  spiir-id: "636504741386981325"
  Assets:Checking:Primary  -2000.00 DKK
  Expenses:Food:Groceries  2000.00 DKK

2018-01-02 * "Far" "Gaver & velgørenhed" #spiir
  spiir-id: "636504741386981326"
  Assets:Checking:Primary  -1000.00 DKK
  Expenses:Gifts  1000.00 DKK

2018-01-02 * "THE COFFEE COLLECT" "Bar, cafe & restaurant" #spiir
  spiir-id: "636505554265787367"
  Assets:Checking:Primary  -38.00 DKK
  Expenses:Food:Restaurant  38.00 DKK

2018-01-02 * "MobilePay: Orion Madsen" "Bus, tog, færge o.l." #spiir
  spiir-id: "636505554265787368"
  Assets:Checking:Primary  516.00 DKK
  Expenses:Transport:Public  -516.00 DKK

2018-01-02 * "DSB NETBUTIK" "Bus, tog, færge o.l." #spiir
  spiir-id: "636505554265787369"
  Assets:Checking:Primary  -387.00 DKK
  Expenses:Transport:Public  387.00 DKK

2018-01-02 * "DSB NETBUTIK" "Bus, tog, færge o.l." #spiir
  spiir-id: "636505554265787370"
  Assets:Checking:Primary  -378.00 DKK
  Expenses:Transport:Public  378.00 DKK

2018-01-02 * "DSB NETBUTIK" "Bus, tog, færge o.l." #spiir
  spiir-id: "636505554265787371"
  Assets:Checking:Primary  -129.00 DKK
  Expenses:Transport:Public  129.00 DKK

2018-01-03 * "VDK DKK 100,00" "Tøj, sko & accessories" #spiir
  spiir-id: "636505554265787372"
  Assets:Checking:Primary  -100.00 DKK
  Expenses:Shopping:Clothing  100.00 DKK

2018-01-03 * "VDK DKK 30,82" "Anden transport" #spiir
  spiir-id: "636505554265787373"
  Assets:Checking:Primary  -30.82 DKK
  Expenses:Transport:Other  30.82 DKK

2018-01-03 * "MobilePay Annettes Pølsevogn" "Fastfood & takeaway" #spiir
  spiir-id: "636506742949334449"
  Assets:Checking:Primary  -28.00 DKK
  Expenses:Food:Takeaway  28.00 DKK

2018-01-04 * "VDK DKK 50,00" "Ferieaktiviteter" #spiir
  spiir-id: "636506742949334450"
  Assets:Checking:Primary  -50.00 DKK
  Expenses:Travel:Activities  50.00 DKK

2018-01-05 * "VDK DKK 50,00" "Ferieaktiviteter" #spiir
  spiir-id: "636507320443053874"
  Assets:Checking:Primary  -50.00 DKK
  Expenses:Travel:Activities  50.00 DKK

2018-01-05 * "TRYK BAR ApS" "Bar, cafe & restaurant" #spiir
  spiir-id: "636508144045903251"
  Assets:Checking:Primary  -240.00 DKK
  Expenses:Food:Restaurant  240.00 DKK

2018-01-06 * "VDK DKK 500,00" "Møbler & boligudstyr" #spiir #seng #pude
  spiir-id: "636509912522950118"
  Assets:Checking:Primary  -500.00 DKK
  Expenses:Shopping:Furniture  500.00 DKK

2018-01-06 * "VDK DKK 5,00" "Fastfood & takeaway" #spiir
  spiir-id: "636509912522950119"
  Assets:Checking:Primary  -5.00 DKK
  Expenses:Food:Takeaway  5.00 DKK

2018-01-06 * "VDK DKK 157,03" "Biograf, koncerter & forlystelser" #spiir
  spiir-id: "636509912522950120"
  Assets:Checking:Primary  -157.03 DKK
  Expenses:Entertainment:Events  157.03 DKK

2018-01-06 * "Udk Studiegæld" "Studielån" #spiir
  spiir-id: "636509912522950121"
  Assets:Checking:Primary  -205.00 DKK
  Expenses:Loans:Student  205.00 DKK

2018-01-06 * "Copenhagen boulder" "Biograf, koncerter & forlystelser" #spiir
  spiir-id: "636509912522950122"
  Assets:Checking:Primary  -225.00 DKK
  Expenses:Entertainment:Events  225.00 DKK

2018-01-07 * "Q8 Service - 8046" "Fastfood & takeaway" #spiir
  spiir-id: "636509912522950123"
  Assets:Checking:Primary  -28.00 DKK
  Expenses:Food:Takeaway  28.00 DKK

2018-01-08 * "MobilePay: Jennifer Van Sickle" "Bar, cafe & restaurant" #spiir
  spiir-id: "636510833941095288"
  Assets:Checking:Primary  190.00 DKK
  Expenses:Food:Restaurant  -190.00 DKK

2018-01-08 * "ILLUM" "Bar, cafe & restaurant" #spiir
  spiir-id: "636510833941095289"
  Assets:Checking:Primary  -380.00 DKK
  Expenses:Food:Restaurant  380.00 DKK

2018-01-09 * "VDK DKK 42,50" "" #spiir
  spiir-id: "636510833941095290"
  Assets:Checking:Primary  -42.50 DKK
  Expenses:Uncategorized  42.50 DKK

2018-01-09 * "THE COFFEE COLLECT" "Bar, cafe & restaurant" #spiir
  spiir-id: "636511647357113482"
  Assets:Checking:Primary  -38.00 DKK
  Expenses:Food:Restaurant  38.00 DKK

2018-01-09 * "MobilePay: Orion Madsen" "Bus, tog, færge o.l." #spiir
  spiir-id: "636511647357113483"
  Assets:Checking:Primary  332.00 DKK
  Expenses:Transport:Public  -332.00 DKK

2018-01-10 * "Dansk Bjergklub" "Bar, cafe & restaurant" #spiir
  spiir-id: "636511647357113484"
  Assets:Checking:Primary  -30.00 DKK
  Expenses:Food:Restaurant  30.00 DKK

2018-01-10 * "FJELD & FRITID" "Hobby & sportsudstyr" #spiir
  spiir-id: "636512238280602241"
  Assets:Checking:Primary  999.00 DKK
  Expenses:Shopping:Sports  -999.00 DKK

2018-01-10 * "FJELD & FRITID" "Hobby & sportsudstyr" #spiir
  spiir-id: "636512238280602242"
  Assets:Checking:Primary  -1259.00 DKK
  Expenses:Shopping:Sports  1259.00 DKK

2018-01-11 * "Rejsekort - DSB" "Bus, tog, færge o.l." #spiir
  spiir-id: "636513726373433779"
  Assets:Checking:Primary  -300.00 DKK
  Expenses:Transport:Public  300.00 DKK

2018-01-11 * "Kaffetårnet" "Bar, cafe & restaurant" #spiir
  spiir-id: "636513726373433780"
  Assets:Checking:Primary  -30.00 DKK
  Expenses:Food:Restaurant  30.00 DKK

2018-01-12 * "VDK EUR 23,00" "Ferieaktiviteter" #spiir
  spiir-id: "636513726373433781"
  Assets:Checking:Primary  -173.88 DKK
  Expenses:Travel:Activities  173.88 DKK

2018-01-12 * "Charlies Cafe" "Bar, cafe & restaurant" #spiir
  spiir-id: "636513726373433782"
  Assets:Checking:Primary  -240.00 DKK
  Expenses:Food:Restaurant  240.00 DKK

2018-01-14 * "Dansk Bjergklub" "Bar, cafe & restaurant" #spiir
  spiir-id: "636516028243410542"
  Assets:Checking:Primary  -25.00 DKK
  Expenses:Food:Restaurant  25.00 DKK

2018-01-16 * "Charlies Cafe" "Bar, cafe & restaurant" #spiir
  spiir-id: "636516968204475660"
  Assets:Checking:Primary  -120.00 DKK
  Expenses:Food:Restaurant  120.00 DKK

2018-01-16 * "VDK DKK 99,00" "Film, musik & læsestof" #spiir
  spiir-id: "636516968204475661"
  Assets:Checking:Primary  -99.00 DKK
  Expenses:Entertainment:Media  99.00 DKK

2018-01-16 * "VDK USD 17,19" "Film, musik & læsestof" #spiir
  spiir-id: "636516968204475662"
  Assets:Checking:Primary  -108.55 DKK
  Expenses:Entertainment:Media  108.55 DKK

2018-01-16 * "7-Eleven B 027" "Kiosk, bager & specialbutikker" #spiir
  spiir-id: "636517684737972878"
  Assets:Checking:Primary  -85.00 DKK
  Expenses:Food:Kiosk  85.00 DKK

2018-01-16 * "THE COFFEE COLLECT" "Bar, cafe & restaurant" #spiir
  spiir-id: "636517684737972879"
  Assets:Checking:Primary  -38.00 DKK
  Expenses:Food:Restaurant  38.00 DKK

2018-01-16 * "Issa Marked" "Kiosk, bager & specialbutikker" #spiir
  spiir-id: "636517684737972880"
  Assets:Checking:Primary  -22.00 DKK
  Expenses:Food:Kiosk  22.00 DKK

2018-01-16 * "Issa Marked" "Kiosk, bager & specialbutikker" #spiir
  spiir-id: "636517684737972881"
  Assets:Checking:Primary  -10.00 DKK
  Expenses:Food:Kiosk  10.00 DKK

2018-01-18 * "Boligportal.dk ApS 310-1" "Andre boligudgifter" #spiir
  spiir-id: "636518606476731498"
  Assets:Checking:Primary  -29.00 DKK
  Expenses:House:Other  29.00 DKK

2018-01-18 * "DSB Dybbølsbro Aut" "Bus, tog, færge o.l." #spiir
  spiir-id: "636518606476731499"
  Assets:Checking:Primary  -24.00 DKK
  Expenses:Transport:Public  24.00 DKK

2018-01-18 * "Cafe Langebro" "Bar, cafe & restaurant" #spiir
  spiir-id: "636519364042617372"
  Assets:Checking:Primary  -110.00 DKK
  Expenses:Food:Restaurant  110.00 DKK

2018-01-19 * "døp - den økologis" "Fastfood & takeaway" #spiir
  spiir-id: "636520421030008853"
  Assets:Checking:Primary  -35.00 DKK
  Expenses:Food:Takeaway  35.00 DKK

2018-01-19 * "VINSTUE 90 I/S" "Bar, cafe & restaurant" #spiir
  spiir-id: "636520421030008854"
  Assets:Checking:Primary  -28.00 DKK
  Expenses:Food:Restaurant  28.00 DKK

2018-01-19 * "Værnedams Kebab og" "Fastfood & takeaway" #spiir
  spiir-id: "636520421030008855"
  Assets:Checking:Primary  -142.00 DKK
  Expenses:Food:Takeaway  142.00 DKK

2018-01-19 * "Zeppelin ApS" "Bar, cafe & restaurant" #spiir
  spiir-id: "636520421030008856"
  Assets:Checking:Primary  -80.00 DKK
  Expenses:Food:Restaurant  80.00 DKK

2018-01-20 * "MobilePay Dan Meakin" "Tobak & alkohol" #spiir
  spiir-id: "636521208105185318"
  Assets:Checking:Primary  -100.00 DKK
  Expenses:Food:Alcohol  100.00 DKK

2018-01-20 * "KIHOSKH A/S" "Kiosk, bager & specialbutikker" #spiir
  spiir-id: "636522053927389393"
  Assets:Checking:Primary  -14.00 DKK
  Expenses:Food:Kiosk  14.00 DKK

2018-01-20 * "VDK DKK 30,82" "Anden transport" #spiir
  spiir-id: "636522053927389394"
  Assets:Checking:Primary  -30.82 DKK
  Expenses:Transport:Other  30.82 DKK

2018-01-20 * "Den Kinesiske Købm" "Dagligvarer" #spiir
  spiir-id: "636522053927389395"
  Assets:Checking:Primary  -15.00 DKK
  Expenses:Food:Groceries  15.00 DKK

2018-01-20 * "Shabaz Bülowsvej" "Bar, cafe & restaurant" #spiir
  spiir-id: "636522053927389396"
  Assets:Checking:Primary  -72.00 DKK
  Expenses:Food:Restaurant  72.00 DKK

2018-01-20 * "Shabaz Bülowsvej" "Bar, cafe & restaurant" #spiir
  spiir-id: "636522053927389397"
  Assets:Checking:Primary  -30.00 DKK
  Expenses:Food:Restaurant  30.00 DKK

2018-01-20 * "Shabaz Bülowsvej" "Bar, cafe & restaurant" #spiir
  spiir-id: "636522053927389398"
  Assets:Checking:Primary  -55.00 DKK
  Expenses:Food:Restaurant  55.00 DKK

2018-01-21 * "Rejsekort - DSB" "Bus, tog, færge o.l." #spiir
  spiir-id: "636522053927389399"
  Assets:Checking:Primary  -300.00 DKK
  Expenses:Transport:Public  300.00 DKK

2018-01-22 * "Boligportal.dk ApS 310-2" "Andre boligudgifter" #spiir
  spiir-id: "636523131451335756"
  Assets:Checking:Primary  -298.00 DKK
  Expenses:House:Other  298.00 DKK

2018-01-23 * "VDK EUR 24,21" "" #spiir
  spiir-id: "636523131451335757"
  Assets:Checking:Primary  -182.99 DKK
  Expenses:Uncategorized  182.99 DKK

2018-01-23 * "VDK EUR 4,49" "" #spiir
  spiir-id: "636523131451335758"
  Assets:Checking:Primary  -33.94 DKK
  Expenses:Uncategorized  33.94 DKK

2018-01-23 * "THE COFFEE COLLECT" "Bar, cafe & restaurant" #spiir
  spiir-id: "636523131451335759"
  Assets:Checking:Primary  -38.00 DKK
  Expenses:Food:Restaurant  38.00 DKK

2018-01-23 * "POC ApS" "Hobby & sportsudstyr" #spiir #oekse #bushcraft
  spiir-id: "636524816984540949"
  Assets:Checking:Primary  -1248.00 DKK
  Expenses:Shopping:Sports  1248.00 DKK

2018-01-24 * "VDK EUR 5,38" "" #spiir
  spiir-id: "636524816984540950"
  Assets:Checking:Primary  -40.66 DKK
  Expenses:Uncategorized  40.66 DKK

2018-01-24 * "The Coffee Factory" "Bar, cafe & restaurant" #spiir
  spiir-id: "636524816984540951"
  Assets:Checking:Primary  -206.00 DKK
  Expenses:Food:Restaurant  206.00 DKK

2018-01-24 * "MobilePay Frisør Hans" "Frisør & personlig pleje" #spiir
  spiir-id: "636524816984540952"
  Assets:Checking:Primary  -180.00 DKK
  Expenses:Shopping:Personal-Care  180.00 DKK

2018-01-24 * "Islands Brygge Wok" "Fastfood & takeaway" #spiir
  spiir-id: "636524816984540953"
  Assets:Checking:Primary  -89.00 DKK
  Expenses:Food:Takeaway  89.00 DKK

2018-01-25 * "Humac Frederiksbor" "Elektronik & computerudstyr" #spiir
  spiir-id: "636525656892355589"
  Assets:Checking:Primary  -349.00 DKK
  Expenses:Shopping:Electronics  349.00 DKK

2018-01-26 * "VDK USD 7,00" "Online services & software" #spiir
  spiir-id: "636525656892355590"
  Assets:Checking:Primary  -43.25 DKK
  Expenses:Subscriptions:Software  43.25 DKK

2018-01-26 * "MobilePay Jan Dalsgaard" "Gaver & velgørenhed" #spiir
  spiir-id: "636526471895571570"
  Assets:Checking:Primary  -150.00 DKK
  Expenses:Gifts  150.00 DKK

2018-01-27 * "PIZZAHUSET" "Fastfood & takeaway" #spiir
  spiir-id: "636528312931934881"
  Assets:Checking:Primary  -64.00 DKK
  Expenses:Food:Takeaway  64.00 DKK

2018-01-27 * "7-Eleven B 021" "Kiosk, bager & specialbutikker" #spiir
  spiir-id: "636528312931934882"
  Assets:Checking:Primary  -45.00 DKK
  Expenses:Food:Kiosk  45.00 DKK

2018-01-28 * "Copenhagen boulder" "Bar, cafe & restaurant" #spiir
  spiir-id: "636528312931934883"
  Assets:Checking:Primary  -20.00 DKK
  Expenses:Food:Restaurant  20.00 DKK

2018-01-29 * "Dansk Bjergklub" "Bar, cafe & restaurant" #spiir
  spiir-id: "636528312931934884"
  Assets:Checking:Primary  -45.00 DKK
  Expenses:Food:Restaurant  45.00 DKK

2018-01-29 * "REMA 1000 Nørrebro" "Dagligvarer" #spiir
  spiir-id: "636529052986428469"
  Assets:Checking:Primary  -39.95 DKK
  Expenses:Food:Groceries  39.95 DKK

2018-01-30 * "VDK DKK 30,00" "Ferieaktiviteter" #spiir
  spiir-id: "636529052986428470"
  Assets:Checking:Primary  -30.00 DKK
  Expenses:Travel:Activities  30.00 DKK

2018-01-30 * "VDK DKK 42,50" "" #spiir
  spiir-id: "636529052986428471"
  Assets:Checking:Primary  -42.50 DKK
  Expenses:Uncategorized  42.50 DKK

2018-01-30 * "VDK DKK 5,00" "Fastfood & takeaway" #spiir
  spiir-id: "636529052986428472"
  Assets:Checking:Primary  -5.00 DKK
  Expenses:Food:Takeaway  5.00 DKK

2018-01-30 * "MobilePay: Orion Madsen" "" #spiir
  spiir-id: "636529052986428473"
  Assets:Checking:Primary  1327.00 DKK
  Expenses:Uncategorized  -1327.00 DKK

2018-01-30 * "MobilePay" "Fly & Hotel" #spiir #camper #fly
  spiir-id: "636529804586251347"
  Assets:Checking:Primary  -3646.00 DKK
  Expenses:Travel:Transport  3646.00 DKK

2018-01-30 * "Kaffetårnet" "Bar, cafe & restaurant" #spiir
  spiir-id: "636529804586251348"
  Assets:Checking:Primary  -30.00 DKK
  Expenses:Food:Restaurant  30.00 DKK

2018-01-30 * "THE COFFEE COLLECT" "Bar, cafe & restaurant" #spiir
  spiir-id: "636529804586251349"
  Assets:Checking:Primary  -38.00 DKK
  Expenses:Food:Restaurant  38.00 DKK

2018-01-30 * "Lønoverførsel" "Løn" #spiir
  spiir-id: "636529804586251350"
  Assets:Checking:Primary  24381.33 DKK
  Income:Salary  -24381.33 DKK

2018-01-31 * "Husleje" "Boliglån/husleje" #spiir
  spiir-id: "636529804586251351"
  Assets:Checking:Primary  -4595.00 DKK
  Expenses:House:Mortgage  4595.00 DKK

2018-01-31 * "MobilePay Kristian Schou" "Gaver & velgørenhed" #spiir
  spiir-id: "636530037758876991"
  Assets:Checking:Primary  -37.00 DKK
  Expenses:Gifts  37.00 DKK

2018-01-31 * "3´s Kortbetaling" "Telefoni & internet" #spiir
  spiir-id: "636530628898533546"
  Assets:Checking:Primary  -410.00 DKK
  Expenses:Subscriptions:Telecom  410.00 DKK

2018-02-01 * "Fiol Optik" "Briller & kontaktlinser" #spiir
  spiir-id: "636530628898533547"
  Assets:Checking:Primary  -330.00 DKK
  Expenses:Health:Vision  330.00 DKK

2018-02-01 * "Tryg" "Indbo- & familieforsikring" #spiir
  spiir-id: "636530628898533548"
  Assets:Checking:Primary  -252.01 DKK
  Expenses:House:Contents-Insurance  252.01 DKK

2018-02-01 * "Tryg" "Indbo- & familieforsikring" #spiir
  spiir-id: "636530628898533549"
  Assets:Checking:Primary  -126.30 DKK
  Expenses:House:Contents-Insurance  126.30 DKK

2018-02-01 * "Fitness DK" "Sport & fritid" #spiir
  spiir-id: "636530628898533550"
  Assets:Checking:Primary  -338.75 DKK
  Expenses:Entertainment:Sports  338.75 DKK

2018-02-01 * "Dbkk" "Sport & fritid" #spiir
  spiir-id: "636530628898533551"
  Assets:Checking:Primary  -395.00 DKK
  Expenses:Entertainment:Sports  395.00 DKK

2018-02-01 * "EL" "El, vand, varme & renovation" #spiir
  spiir-id: "636530628898533552"
  Assets:Checking:Primary  -367.00 DKK
  Expenses:House:Heating  367.00 DKK

2018-02-01 * "Madbudget" "Dagligvarer" #spiir
  spiir-id: "636530628898533553"
  Assets:Checking:Primary  -2000.00 DKK
  Expenses:Food:Groceries  2000.00 DKK

2018-02-01 * "Far" "Gaver & velgørenhed" #spiir
  spiir-id: "636530628898533554"
  Assets:Checking:Primary  -1000.00 DKK
  Expenses:Gifts  1000.00 DKK

2018-02-01 * "FRILUFTSLAND A/S" "Tøj, sko & accessories" #spiir
  spiir-id: "636531565510215171"
  Assets:Checking:Primary  -699.00 DKK
  Expenses:Shopping:Clothing  699.00 DKK

2018-02-02 * "MobilePay: Paulo José Meneses Ribeiro Da Cunha" "Fastfood & takeaway" #spiir
  spiir-id: "636532561088877290"
  Assets:Checking:Primary  79.00 DKK
  Expenses:Food:Takeaway  -79.00 DKK

2018-02-02 * "MobilePay: Daniel Anders Wille Grunkin" "Fastfood & takeaway" #spiir
  spiir-id: "636532561088877291"
  Assets:Checking:Primary  79.00 DKK
  Expenses:Food:Takeaway  -79.00 DKK

2018-02-02 * "MobilePay: Dessouky" "Fastfood & takeaway" #spiir
  spiir-id: "636532561088877292"
  Assets:Checking:Primary  79.00 DKK
  Expenses:Food:Takeaway  -79.00 DKK

2018-02-02 * "La Perla" "Bar, cafe & restaurant" #spiir
  spiir-id: "636532561088877293"
  Assets:Checking:Primary  -316.00 DKK
  Expenses:Food:Restaurant  316.00 DKK

2018-02-03 * "Ida Ingeniørfore. i Danm" "Fagforening & a-kasse" #spiir
  spiir-id: "636534159342768294"
  Assets:Checking:Primary  -878.25 DKK
  Expenses:Insurance:Union  878.25 DKK

2018-02-03 * "Boulebar Danmark" "Bar, cafe & restaurant" #spiir
  spiir-id: "636534159342768295"
  Assets:Checking:Primary  -95.00 DKK
  Expenses:Food:Restaurant  95.00 DKK

2018-02-03 * "Boulebar Danmark" "Bar, cafe & restaurant" #spiir
  spiir-id: "636534159342768296"
  Assets:Checking:Primary  -1100.00 DKK
  Expenses:Food:Restaurant  1100.00 DKK

2018-02-03 * "SØRENS VÆRTSHUS" "Bar, cafe & restaurant" #spiir
  spiir-id: "636534159342768297"
  Assets:Checking:Primary  -45.00 DKK
  Expenses:Food:Restaurant  45.00 DKK

2018-02-03 * "SØRENS VÆRTSHUS" "Bar, cafe & restaurant" #spiir
  spiir-id: "636534159342768298"
  Assets:Checking:Primary  -60.00 DKK
  Expenses:Food:Restaurant  60.00 DKK

2018-02-03 * "Coffee Industri Sw" "Bar, cafe & restaurant" #spiir
  spiir-id: "636534159342768299"
  Assets:Checking:Primary  -70.00 DKK
  Expenses:Food:Restaurant  70.00 DKK

2018-02-04 * "WeShare: Duuuudes" "Biograf, koncerter & forlystelser" #spiir
  spiir-id: "636534159342768291"
  Assets:Checking:Primary  220.00 DKK
  Expenses:Entertainment:Events  -220.00 DKK

2018-02-04 * "MobilePay WeShare" "" #spiir
  spiir-id: "636534159342768292"
  Assets:Checking:Primary  -487.50 DKK
  Expenses:Uncategorized  487.50 DKK

2018-02-04 * "WeShare: Duuuudes" "Biograf, koncerter & forlystelser" #spiir
  spiir-id: "636534159342768293"
  Assets:Checking:Primary  60.00 DKK
  Expenses:Entertainment:Events  -60.00 DKK

2018-02-04 * "Rejsekort - DSB" "Bus, tog, færge o.l." #spiir
  spiir-id: "636534159342768300"
  Assets:Checking:Primary  -300.00 DKK
  Expenses:Transport:Public  300.00 DKK

2018-02-04 * "FLAMINGO KEBAB ApS" "Fastfood & takeaway" #spiir
  spiir-id: "636534159342768301"
  Assets:Checking:Primary  -42.00 DKK
  Expenses:Food:Takeaway  42.00 DKK

2018-02-04 * "FLAMINGO KEBAB ApS" "Fastfood & takeaway" #spiir
  spiir-id: "636534159342768302"
  Assets:Checking:Primary  -20.00 DKK
  Expenses:Food:Takeaway  20.00 DKK

2018-02-04 * "Falafel-House 2012" "Bar, cafe & restaurant" #spiir
  spiir-id: "636534159342768303"
  Assets:Checking:Primary  -71.00 DKK
  Expenses:Food:Restaurant  71.00 DKK

2018-02-05 * "Espresso House Tor" "Bar, cafe & restaurant" #spiir
  spiir-id: "636535009110888070"
  Assets:Checking:Primary  -44.00 DKK
  Expenses:Food:Restaurant  44.00 DKK

2018-02-05 * "LIDL" "Dagligvarer" #spiir
  spiir-id: "636535009110888071"
  Assets:Checking:Primary  -72.40 DKK
  Expenses:Food:Groceries  72.40 DKK

2018-02-05 * "Hvelplund" "Tøj, sko & accessories" #spiir
  spiir-id: "636535009110888072"
  Assets:Checking:Primary  -490.00 DKK
  Expenses:Shopping:Clothing  490.00 DKK

2018-02-05 * "fivestar" "Fastfood & takeaway" #spiir
  spiir-id: "636535009110888073"
  Assets:Checking:Primary  -48.00 DKK
  Expenses:Food:Takeaway  48.00 DKK

2018-02-06 * "VDK DKK 60,00" "Fastfood & takeaway" #spiir
  spiir-id: "636535009110888074"
  Assets:Checking:Primary  -60.00 DKK
  Expenses:Food:Takeaway  60.00 DKK

2018-02-06 * "VDK DKK 19,00" "Ukendt" #spiir
  spiir-id: "636535009110888075"
  Assets:Checking:Primary  -19.00 DKK
  Expenses:Other  19.00 DKK

2018-02-06 * "Kaffebroen" "Bar, cafe & restaurant" #spiir
  spiir-id: "636535812182619233"
  Assets:Checking:Primary  -50.00 DKK
  Expenses:Food:Restaurant  50.00 DKK

2018-02-06 * "MobilePay: Lisa-Maria Bruns" "Bar, cafe & restaurant" #spiir
  spiir-id: "636535812182619234"
  Assets:Checking:Primary  38.00 DKK
  Expenses:Food:Restaurant  -38.00 DKK

2018-02-06 * "THE COFFEE COLLECT" "Bar, cafe & restaurant" #spiir
  spiir-id: "636535812182619235"
  Assets:Checking:Primary  -76.00 DKK
  Expenses:Food:Restaurant  76.00 DKK

2018-02-06 * "FRILUFTSLAND A/S" "Tøj, sko & accessories" #spiir
  spiir-id: "636535812182619236"
  Assets:Checking:Primary  -219.00 DKK
  Expenses:Shopping:Clothing  219.00 DKK

2018-02-06 * "FLAMINGO KEBAB ApS" "Fastfood & takeaway" #spiir
  spiir-id: "636535812182619237"
  Assets:Checking:Primary  -20.00 DKK
  Expenses:Food:Takeaway  20.00 DKK

2018-02-07 * "TYCHO BRAHE PLANET" "Biograf, koncerter & forlystelser" #spiir
  spiir-id: "636537606361095703"
  Assets:Checking:Primary  -320.00 DKK
  Expenses:Entertainment:Events  320.00 DKK

2018-02-08 * "tipster.dk 68-47" "Bar, cafe & restaurant" #spiir
  spiir-id: "636537606361095704"
  Assets:Checking:Primary  -350.00 DKK
  Expenses:Food:Restaurant  350.00 DKK

2018-02-09 * "Isted Grill" "Fastfood & takeaway" #spiir
  spiir-id: "636537606361095705"
  Assets:Checking:Primary  -72.00 DKK
  Expenses:Food:Takeaway  72.00 DKK

2018-02-09 * "Dry & Bitter ApS" "Bar, cafe & restaurant" #spiir
  spiir-id: "636538586838884379"
  Assets:Checking:Primary  -50.00 DKK
  Expenses:Food:Restaurant  50.00 DKK

2018-02-09 * "Dry & Bitter ApS" "Bar, cafe & restaurant" #spiir
  spiir-id: "636538586838884380"
  Assets:Checking:Primary  -35.00 DKK
  Expenses:Food:Restaurant  35.00 DKK

2018-02-09 * "Dry & Bitter ApS" "Bar, cafe & restaurant" #spiir
  spiir-id: "636538586838884381"
  Assets:Checking:Primary  -35.00 DKK
  Expenses:Food:Restaurant  35.00 DKK

2018-02-09 * "Dry & Bitter ApS" "Bar, cafe & restaurant" #spiir
  spiir-id: "636538586838884382"
  Assets:Checking:Primary  -50.00 DKK
  Expenses:Food:Restaurant  50.00 DKK

2018-02-09 * "Dry & Bitter ApS" "Bar, cafe & restaurant" #spiir
  spiir-id: "636538586838884383"
  Assets:Checking:Primary  -50.00 DKK
  Expenses:Food:Restaurant  50.00 DKK

2018-02-09 * "Dry & Bitter ApS" "Bar, cafe & restaurant" #spiir
  spiir-id: "636538586838884384"
  Assets:Checking:Primary  -35.00 DKK
  Expenses:Food:Restaurant  35.00 DKK

2018-02-10 * "MobilePay Lars Ville Jensen" "Gaver & velgørenhed" #spiir
  spiir-id: "636538586838884385"
  Assets:Checking:Primary  -150.00 DKK
  Expenses:Gifts  150.00 DKK

2018-02-10 * "WeShare: Duuuudes" "Biograf, koncerter & forlystelser" #spiir
  spiir-id: "636538621897772102"
  Assets:Checking:Primary  126.80 DKK
  Expenses:Entertainment:Events  -126.80 DKK

2018-02-10 * "MobilePay Orion Madsen" "Gaver & velgørenhed" #spiir
  spiir-id: "636538621897772103"
  Assets:Checking:Primary  -190.00 DKK
  Expenses:Gifts  190.00 DKK

2018-02-10 * "MobilePay: Orion Madsen" "Gaver & velgørenhed" #spiir
  spiir-id: "636538621897772104"
  Assets:Checking:Primary  168.50 DKK
  Expenses:Gifts  -168.50 DKK

2018-02-10 * "JUST EAT.DK ApS" "Fastfood & takeaway" #spiir
  spiir-id: "636540267735804427"
  Assets:Checking:Primary  -90.34 DKK
  Expenses:Food:Takeaway  90.34 DKK

2018-02-10 * "Føtex Prinsessegad" "Dagligvarer" #spiir
  spiir-id: "636540267735804428"
  Assets:Checking:Primary  -337.81 DKK
  Expenses:Food:Groceries  337.81 DKK

2018-02-11 * "WeShare: Duuuudes" "Biograf, koncerter & forlystelser" #spiir
  spiir-id: "636540267735804426"
  Assets:Checking:Primary  236.95 DKK
  Expenses:Entertainment:Events  -236.95 DKK

2018-02-11 * "REMA 1000 Strib" "Dagligvarer" #spiir
  spiir-id: "636540267735804429"
  Assets:Checking:Primary  -54.00 DKK
  Expenses:Food:Groceries  54.00 DKK

2018-02-11 * "REMA 1000 Vestcent" "Dagligvarer" #spiir
  spiir-id: "636540267735804430"
  Assets:Checking:Primary  -276.65 DKK
  Expenses:Food:Groceries  276.65 DKK

2018-02-11 * "LIDL" "Dagligvarer" #spiir
  spiir-id: "636540267735804431"
  Assets:Checking:Primary  -99.00 DKK
  Expenses:Food:Groceries  99.00 DKK

2018-02-11 * "FLAMINGO KEBAB ApS" "Fastfood & takeaway" #spiir
  spiir-id: "636540267735804432"
  Assets:Checking:Primary  -40.00 DKK
  Expenses:Food:Takeaway  40.00 DKK

2018-02-12 * "ELGIGANTEN A/S" "Elektronik & computerudstyr" #spiir
  spiir-id: "636541128909064356"
  Assets:Checking:Primary  -1239.00 DKK
  Expenses:Shopping:Electronics  1239.00 DKK

2018-02-12 * "Den Kinesiske Købm" "Dagligvarer" #spiir
  spiir-id: "636541128909064357"
  Assets:Checking:Primary  -256.00 DKK
  Expenses:Food:Groceries  256.00 DKK

2018-02-12 * "FLAMINGO KEBAB ApS" "Fastfood & takeaway" #spiir
  spiir-id: "636541128909064358"
  Assets:Checking:Primary  -20.00 DKK
  Expenses:Food:Takeaway  20.00 DKK

2018-02-13 * "Fra Faste Udgifter" "Anden indkomst" #spiir
  spiir-id: "636541128909064359"
  Assets:Checking:Primary  4595.00 DKK
  Income:Other  -4595.00 DKK

2018-02-13 * "Cortado v/Khalid Q" "Bar, cafe & restaurant" #spiir
  spiir-id: "636543010052042522"
  Assets:Checking:Primary  -24.50 DKK
  Expenses:Food:Restaurant  24.50 DKK

2018-02-13 * "THE COFFEE COLLECT" "Bar, cafe & restaurant" #spiir
  spiir-id: "636543010052042523"
  Assets:Checking:Primary  -38.00 DKK
  Expenses:Food:Restaurant  38.00 DKK

2018-02-13 * "MobilePay: Jørn Schou-Rode" "Fastfood & takeaway" #spiir
  spiir-id: "636543010052042524"
  Assets:Checking:Primary  79.00 DKK
  Expenses:Food:Takeaway  -79.00 DKK

2018-02-13 * "La Perla" "Bar, cafe & restaurant" #spiir
  spiir-id: "636543010052042525"
  Assets:Checking:Primary  -474.00 DKK
  Expenses:Food:Restaurant  474.00 DKK

2018-02-13 * "MobilePay: Mads Godvin Jensen" "Fastfood & takeaway" #spiir
  spiir-id: "636543010052042526"
  Assets:Checking:Primary  79.00 DKK
  Expenses:Food:Takeaway  -79.00 DKK

2018-02-14 * "VDK DKK 99,00" "Film, musik & læsestof" #spiir
  spiir-id: "636543010052042527"
  Assets:Checking:Primary  -99.00 DKK
  Expenses:Entertainment:Media  99.00 DKK

2018-02-14 * "MobilePay: Paulo José Meneses Ribeiro Da Cunha" "Fastfood & takeaway" #spiir
  spiir-id: "636543010052042528"
  Assets:Checking:Primary  79.00 DKK
  Expenses:Food:Takeaway  -79.00 DKK

2018-02-14 * "MobilePay: Miklos Johnnes Aubert" "Fastfood & takeaway" #spiir
  spiir-id: "636543010052042529"
  Assets:Checking:Primary  158.00 DKK
  Expenses:Food:Takeaway  -158.00 DKK

2018-02-14 * "REMA 1000 Nørrebro" "Dagligvarer" #spiir
  spiir-id: "636543010052042530"
  Assets:Checking:Primary  -84.45 DKK
  Expenses:Food:Groceries  84.45 DKK

2018-02-15 * "VDK USD 17,19" "Film, musik & læsestof" #spiir
  spiir-id: "636543010052042531"
  Assets:Checking:Primary  -106.31 DKK
  Expenses:Entertainment:Media  106.31 DKK

2018-02-15 * "THE COFFEE COLLECT" "Bar, cafe & restaurant" #spiir
  spiir-id: "636543010052042532"
  Assets:Checking:Primary  -70.00 DKK
  Expenses:Food:Restaurant  70.00 DKK

2018-02-15 * "MobilePay Ana-Maria Ivan" "Bar, cafe & restaurant" #spiir
  spiir-id: "636543763852487188"
  Assets:Checking:Primary  -60.00 DKK
  Expenses:Food:Restaurant  60.00 DKK

2018-02-15 * "Boulebar Danmark" "Bar, cafe & restaurant" #spiir
  spiir-id: "636543763852487189"
  Assets:Checking:Primary  -60.00 DKK
  Expenses:Food:Restaurant  60.00 DKK

2018-02-16 * "VDK DKK 35,00" "Ukendt" #spiir
  spiir-id: "636543763852487190"
  Assets:Checking:Primary  -35.00 DKK
  Expenses:Other  35.00 DKK

2018-02-16 * "MobilePay Milena Nikolova" "Gaver & velgørenhed" #spiir
  spiir-id: "636543763852487191"
  Assets:Checking:Primary  -30.28 DKK
  Expenses:Gifts  30.28 DKK

2018-02-16 * "Kalaset ApS" "Bar, cafe & restaurant" #spiir
  spiir-id: "636544575636125730"
  Assets:Checking:Primary  -35.00 DKK
  Expenses:Food:Restaurant  35.00 DKK

2018-02-16 * "Balderdash" "Bar, cafe & restaurant" #spiir
  spiir-id: "636546212212702300"
  Assets:Checking:Primary  -820.00 DKK
  Expenses:Food:Restaurant  820.00 DKK

2018-02-17 * "WeShare: Balderdashing Slurpies" "Bar, cafe & restaurant" #spiir
  spiir-id: "636544943446343641"
  Assets:Checking:Primary  575.00 DKK
  Expenses:Food:Restaurant  -575.00 DKK

2018-02-17 * "Balderdash" "Bar, cafe & restaurant" #spiir
  spiir-id: "636546212212702301"
  Assets:Checking:Primary  -400.00 DKK
  Expenses:Food:Restaurant  400.00 DKK

2018-02-17 * "VDK DKK 60,00" "Fastfood & takeaway" #spiir
  spiir-id: "636546212212702302"
  Assets:Checking:Primary  -60.00 DKK
  Expenses:Food:Takeaway  60.00 DKK

2018-02-17 * "VDK DKK 35,00" "Ukendt" #spiir
  spiir-id: "636546212212702303"
  Assets:Checking:Primary  -35.00 DKK
  Expenses:Other  35.00 DKK

2018-02-17 * "Lord Nelson" "Bar, cafe & restaurant" #spiir
  spiir-id: "636546212212702304"
  Assets:Checking:Primary  -126.00 DKK
  Expenses:Food:Restaurant  126.00 DKK

2018-02-17 * "Kaffe og Køkken" "Bar, cafe & restaurant" #spiir
  spiir-id: "636546212212702305"
  Assets:Checking:Primary  -34.00 DKK
  Expenses:Food:Restaurant  34.00 DKK

2018-02-18 * "Rejsekort - DSB" "Bus, tog, færge o.l." #spiir
  spiir-id: "636546212212702306"
  Assets:Checking:Primary  -300.00 DKK
  Expenses:Transport:Public  300.00 DKK

2018-02-18 * "LIDL" "Dagligvarer" #spiir
  spiir-id: "636546212212702307"
  Assets:Checking:Primary  -29.05 DKK
  Expenses:Food:Groceries  29.05 DKK

2018-02-18 * "E BILLET A/S" "Biograf, koncerter & forlystelser" #spiir
  spiir-id: "636546212212702308"
  Assets:Checking:Primary  -110.00 DKK
  Expenses:Entertainment:Events  110.00 DKK

2018-02-18 * "Empire Bio A/S" "Biograf, koncerter & forlystelser" #spiir
  spiir-id: "636546212212702309"
  Assets:Checking:Primary  -30.00 DKK
  Expenses:Entertainment:Events  30.00 DKK

2018-02-18 * "FLAMINGO KEBAB ApS" "Fastfood & takeaway" #spiir
  spiir-id: "636546212212702310"
  Assets:Checking:Primary  -32.00 DKK
  Expenses:Food:Takeaway  32.00 DKK

2018-02-19 * "Cortado v/Khalid Q" "Bar, cafe & restaurant" #spiir
  spiir-id: "636547214455740620"
  Assets:Checking:Primary  -24.50 DKK
  Expenses:Food:Restaurant  24.50 DKK

2018-02-19 * "REMA 1000 Nørrebro" "Dagligvarer" #spiir
  spiir-id: "636547214455740621"
  Assets:Checking:Primary  -38.00 DKK
  Expenses:Food:Groceries  38.00 DKK

2018-02-19 * "Issa Marked" "Kiosk, bager & specialbutikker" #spiir
  spiir-id: "636547214455740622"
  Assets:Checking:Primary  -50.00 DKK
  Expenses:Food:Kiosk  50.00 DKK

2018-02-20 * "VDK DKK 20,00" "Film, musik & læsestof" #spiir
  spiir-id: "636547214455740623"
  Assets:Checking:Primary  -20.00 DKK
  Expenses:Entertainment:Media  20.00 DKK

2018-02-20 * "VDK DKK 70,00" "Ferieaktiviteter" #spiir
  spiir-id: "636547214455740624"
  Assets:Checking:Primary  -70.00 DKK
  Expenses:Travel:Activities  70.00 DKK

2018-02-20 * "VDK DKK 38,00" "" #spiir
  spiir-id: "636547214455740625"
  Assets:Checking:Primary  -38.00 DKK
  Expenses:Uncategorized  38.00 DKK

2018-02-20 * "Cortado v/Khalid Q" "Bar, cafe & restaurant" #spiir
  spiir-id: "636548119133152378"
  Assets:Checking:Primary  -24.50 DKK
  Expenses:Food:Restaurant  24.50 DKK

2018-02-20 * "THE COFFEE COLLECT" "Bar, cafe & restaurant" #spiir
  spiir-id: "636548119133152379"
  Assets:Checking:Primary  -38.00 DKK
  Expenses:Food:Restaurant  38.00 DKK

2018-02-20 * "FLAMINGO KEBAB ApS" "Fastfood & takeaway" #spiir
  spiir-id: "636548119133152380"
  Assets:Checking:Primary  -20.00 DKK
  Expenses:Food:Takeaway  20.00 DKK

2018-02-21 * "VAISENHUS APOTEK" "Apotek & medicin" #spiir
  spiir-id: "636548841280127792"
  Assets:Checking:Primary  -69.95 DKK
  Expenses:Health:Pharmacy  69.95 DKK

2018-02-21 * "Netto Frederikssun" "Dagligvarer" #spiir
  spiir-id: "636548841280127793"
  Assets:Checking:Primary  -72.75 DKK
  Expenses:Food:Groceries  72.75 DKK

2018-02-22 * "REMA 1000 Nørrebro" "Dagligvarer" #spiir
  spiir-id: "636549621765348396"
  Assets:Checking:Primary  -89.85 DKK
  Expenses:Food:Groceries  89.85 DKK

2018-02-22 * "Hermes Antik" "Bar, cafe & restaurant" #spiir
  spiir-id: "636549621765348397"
  Assets:Checking:Primary  -28.00 DKK
  Expenses:Food:Restaurant  28.00 DKK

2018-02-22 * "REMA 1000 Nørrebro" "Dagligvarer" #spiir
  spiir-id: "636549621765348398"
  Assets:Checking:Primary  -31.45 DKK
  Expenses:Food:Groceries  31.45 DKK

2018-02-23 * "Firdaws ApS" "Bar, cafe & restaurant" #spiir
  spiir-id: "636550483116433449"
  Assets:Checking:Primary  -7.00 DKK
  Expenses:Food:Restaurant  7.00 DKK

2018-02-23 * "Copenhagen boulder" "Sport & fritid" #spiir
  spiir-id: "636550483116433450"
  Assets:Checking:Primary  -130.00 DKK
  Expenses:Entertainment:Sports  130.00 DKK

2018-02-24 * "VDK DKK 83,00" "Online services & software" #spiir
  spiir-id: "636552261928514669"
  Assets:Checking:Primary  -83.00 DKK
  Expenses:Subscriptions:Software  83.00 DKK

2018-02-24 * "VDK USD 35,88" "" #spiir
  spiir-id: "636552261928514670"
  Assets:Checking:Primary  -222.31 DKK
  Expenses:Uncategorized  222.31 DKK

2018-02-24 * "Andersen Bakery" "Kiosk, bager & specialbutikker" #spiir
  spiir-id: "636552261928514671"
  Assets:Checking:Primary  -21.00 DKK
  Expenses:Food:Kiosk  21.00 DKK

2018-02-25 * "MobilePay Morten Bang" "" #spiir
  spiir-id: "636552261928514668"
  Assets:Checking:Primary  -135.00 DKK
  Expenses:Uncategorized  135.00 DKK

2018-02-25 * "Konya Cafe & Resta" "Bar, cafe & restaurant" #spiir
  spiir-id: "636552261928514672"
  Assets:Checking:Primary  -38.00 DKK
  Expenses:Food:Restaurant  38.00 DKK

2018-02-25 * "VINSTUE 90 I/S" "Bar, cafe & restaurant" #spiir
  spiir-id: "636552261928514673"
  Assets:Checking:Primary  -100.00 DKK
  Expenses:Food:Restaurant  100.00 DKK

2018-02-25 * "Copenhagen boulder" "Sport & fritid" #spiir
  spiir-id: "636552261928514674"
  Assets:Checking:Primary  -130.00 DKK
  Expenses:Entertainment:Sports  130.00 DKK

2018-02-25 * "Copenhagen boulder" "Bar, cafe & restaurant" #spiir
  spiir-id: "636552261928514675"
  Assets:Checking:Primary  -20.00 DKK
  Expenses:Food:Restaurant  20.00 DKK

2018-02-27 * "VDK DKK 50,00" "Ferieaktiviteter" #spiir
  spiir-id: "636554294636353555"
  Assets:Checking:Primary  -50.00 DKK
  Expenses:Travel:Activities  50.00 DKK

2018-02-27 * "VDK USD 7,00" "Online services & software" #spiir
  spiir-id: "636554294636353556"
  Assets:Checking:Primary  -43.30 DKK
  Expenses:Subscriptions:Software  43.30 DKK

2018-02-27 * "VDK SEK 459,00" "" #spiir
  spiir-id: "636554294636353557"
  Assets:Checking:Primary  -347.29 DKK
  Expenses:Uncategorized  347.29 DKK

2018-02-27 * "VDK DKK 36,00" "Fastfood & takeaway" #spiir
  spiir-id: "636554294636353558"
  Assets:Checking:Primary  -36.00 DKK
  Expenses:Food:Takeaway  36.00 DKK

2018-02-27 * "VDK DKK 192,79" "" #spiir
  spiir-id: "636554294636353559"
  Assets:Checking:Primary  -192.79 DKK
  Expenses:Uncategorized  192.79 DKK

2018-02-27 * "VDK DKK 316,52" "" #spiir
  spiir-id: "636554294636353560"
  Assets:Checking:Primary  -316.52 DKK
  Expenses:Uncategorized  316.52 DKK

2018-02-27 * "TAFFELBAY" "Kiosk, bager & specialbutikker" #spiir
  spiir-id: "636554294636353561"
  Assets:Checking:Primary  -75.00 DKK
  Expenses:Food:Kiosk  75.00 DKK

2018-02-27 * "THE COFFEE COLLECT" "Bar, cafe & restaurant" #spiir
  spiir-id: "636554294636353562"
  Assets:Checking:Primary  -38.00 DKK
  Expenses:Food:Restaurant  38.00 DKK

2018-02-27 * "Lønoverførsel" "Løn" #spiir
  spiir-id: "636554294636353563"
  Assets:Checking:Primary  21237.33 DKK
  Income:Salary  -21237.33 DKK

2018-02-28 * "VDK DKK 568,24" "" #spiir
  spiir-id: "636554294636353564"
  Assets:Checking:Primary  -568.24 DKK
  Expenses:Uncategorized  568.24 DKK

2018-02-28 * "VDK SEK 459,00" "" #spiir
  spiir-id: "636554294636353565"
  Assets:Checking:Primary  344.10 DKK
  Expenses:Uncategorized  -344.10 DKK

2018-02-28 * "Husleje" "Boliglån/husleje" #spiir
  spiir-id: "636554294636353566"
  Assets:Checking:Primary  -4595.00 DKK
  Expenses:House:Mortgage  4595.00 DKK

2018-02-28 * "Fra Faste Udgifter" "Boliglån/husleje" #spiir
  spiir-id: "636554294636353567"
  Assets:Checking:Primary  4595.00 DKK
  Expenses:House:Mortgage  -4595.00 DKK

2018-02-28 * "Kaffetårnet" "Bar, cafe & restaurant" #spiir
  spiir-id: "636554294636353568"
  Assets:Checking:Primary  -30.00 DKK
  Expenses:Food:Restaurant  30.00 DKK

2018-02-28 * "MobilePay Frisør Hans" "Frisør & personlig pleje" #spiir
  spiir-id: "636554294636353569"
  Assets:Checking:Primary  -180.00 DKK
  Expenses:Shopping:Personal-Care  180.00 DKK

2018-02-28 * "3´s Kortbetaling" "Telefoni & internet" #spiir
  spiir-id: "636555021160644659"
  Assets:Checking:Primary  -391.06 DKK
  Expenses:Subscriptions:Telecom  391.06 DKK

2018-02-28 * "MobilePay Dessouky" "Biograf, koncerter & forlystelser" #spiir
  spiir-id: "636555021160644660"
  Assets:Checking:Primary  -590.00 DKK
  Expenses:Entertainment:Events  590.00 DKK

2018-03-01 * "Far" "Gaver & velgørenhed" #spiir
  spiir-id: "636555021160644661"
  Assets:Checking:Primary  -1000.00 DKK
  Expenses:Gifts  1000.00 DKK

2018-03-01 * "Fitness DK" "Sport & fritid" #spiir
  spiir-id: "636555021160644662"
  Assets:Checking:Primary  -338.75 DKK
  Expenses:Entertainment:Sports  338.75 DKK

2018-03-01 * "Dbkk" "Sport & fritid" #spiir
  spiir-id: "636555021160644663"
  Assets:Checking:Primary  -395.00 DKK
  Expenses:Entertainment:Sports  395.00 DKK

2018-03-02 * "MobilePay Mehmet Karaman" "" #spiir
  spiir-id: "636556696275776318"
  Assets:Checking:Primary  -400.00 DKK
  Expenses:Uncategorized  400.00 DKK

2018-03-02 * "Ølbaren" "Bar, cafe & restaurant" #spiir
  spiir-id: "636558264738112134"
  Assets:Checking:Primary  -160.00 DKK
  Expenses:Food:Restaurant  160.00 DKK

2018-03-02 * "Ølbaren" "Bar, cafe & restaurant" #spiir
  spiir-id: "636558264738112135"
  Assets:Checking:Primary  -44.00 DKK
  Expenses:Food:Restaurant  44.00 DKK

2018-03-03 * "VDK DKK 36,00" "Fastfood & takeaway" #spiir
  spiir-id: "636558264738112136"
  Assets:Checking:Primary  -36.00 DKK
  Expenses:Food:Takeaway  36.00 DKK

2018-03-03 * "Toby's Cafè" "Bar, cafe & restaurant" #spiir
  spiir-id: "636558264738112137"
  Assets:Checking:Primary  -59.00 DKK
  Expenses:Food:Restaurant  59.00 DKK

2018-03-03 * "Ølbaren" "Bar, cafe & restaurant" #spiir
  spiir-id: "636558264738112138"
  Assets:Checking:Primary  -78.00 DKK
  Expenses:Food:Restaurant  78.00 DKK

2018-03-03 * "Take & Eat" "Fastfood & takeaway" #spiir
  spiir-id: "636558264738112139"
  Assets:Checking:Primary  -48.00 DKK
  Expenses:Food:Takeaway  48.00 DKK

2018-03-03 * "DET RENE BRØD" "Kiosk, bager & specialbutikker" #spiir
  spiir-id: "636558264738112140"
  Assets:Checking:Primary  -63.98 DKK
  Expenses:Food:Kiosk  63.98 DKK

2018-03-03 * "Sliders" "Bar, cafe & restaurant" #spiir
  spiir-id: "636558264738112141"
  Assets:Checking:Primary  -557.00 DKK
  Expenses:Food:Restaurant  557.00 DKK

2018-03-03 * "SILVAN 637 Fisketo" "Ombygning & vedligehold" #spiir
  spiir-id: "636558264738112142"
  Assets:Checking:Primary  -94.90 DKK
  Expenses:House:Renovation  94.90 DKK

2018-03-03 * "Netto Havnestaden" "Dagligvarer" #spiir
  spiir-id: "636558264738112143"
  Assets:Checking:Primary  -18.90 DKK
  Expenses:Food:Groceries  18.90 DKK

2018-03-04 * "Toby's Cafè" "Bar, cafe & restaurant" #spiir
  spiir-id: "636558264738112144"
  Assets:Checking:Primary  -137.00 DKK
  Expenses:Food:Restaurant  137.00 DKK

2018-03-04 * "JUST EAT.DK ApS" "Fastfood & takeaway" #spiir
  spiir-id: "636558264738112145"
  Assets:Checking:Primary  -90.34 DKK
  Expenses:Food:Takeaway  90.34 DKK

2018-03-04 * "Apoklinik Fisketor" "Apotek & medicin" #spiir
  spiir-id: "636558264738112146"
  Assets:Checking:Primary  -120.35 DKK
  Expenses:Health:Pharmacy  120.35 DKK

2018-03-04 * "BEYTI ApS" "Fastfood & takeaway" #spiir
  spiir-id: "636558264738112147"
  Assets:Checking:Primary  -69.00 DKK
  Expenses:Food:Takeaway  69.00 DKK

2018-03-05 * "Mexican Ranger ApS" "Fastfood & takeaway" #spiir
  spiir-id: "636558264738112148"
  Assets:Checking:Primary  -115.00 DKK
  Expenses:Food:Takeaway  115.00 DKK

2018-03-05 * "Rejsekort - DSB" "Bus, tog, færge o.l." #spiir
  spiir-id: "636558264738112149"
  Assets:Checking:Primary  -300.00 DKK
  Expenses:Transport:Public  300.00 DKK

2018-03-05 * "Sct. Stefans Apote" "Apotek & medicin" #spiir
  spiir-id: "636559260790074761"
  Assets:Checking:Primary  -69.95 DKK
  Expenses:Health:Pharmacy  69.95 DKK

2018-03-05 * "DET RENE BRØD" "Kiosk, bager & specialbutikker" #spiir
  spiir-id: "636559260790074762"
  Assets:Checking:Primary  -18.00 DKK
  Expenses:Food:Kiosk  18.00 DKK

2018-03-05 * "MATAS - 14233" "Frisør & personlig pleje" #spiir
  spiir-id: "636559260790074763"
  Assets:Checking:Primary  -13.00 DKK
  Expenses:Shopping:Personal-Care  13.00 DKK

2018-03-06 * "VDK DKK 1407,91" "Hobby & sportsudstyr" #spiir
  spiir-id: "636559260790074764"
  Assets:Checking:Primary  -1407.91 DKK
  Expenses:Shopping:Sports  1407.91 DKK

2018-03-07 * "MALING.DK" "Ombygning & vedligehold" #spiir
  spiir-id: "636560909900150885"
  Assets:Checking:Primary  -79.75 DKK
  Expenses:House:Renovation  79.75 DKK

2018-03-07 * "Cortado v/Khalid Q" "Bar, cafe & restaurant" #spiir
  spiir-id: "636560909900150886"
  Assets:Checking:Primary  -29.00 DKK
  Expenses:Food:Restaurant  29.00 DKK

2018-03-07 * "Jysk D045" "Møbler & boligudstyr" #spiir
  spiir-id: "636560909900150887"
  Assets:Checking:Primary  -604.00 DKK
  Expenses:Shopping:Furniture  604.00 DKK

2018-03-07 * "MobilePay DSB" "Bus, tog, færge o.l." #spiir
  spiir-id: "636560909900150888"
  Assets:Checking:Primary  -223.00 DKK
  Expenses:Transport:Public  223.00 DKK

2018-03-08 * "Udk Studiegæld" "Studielån" #spiir
  spiir-id: "636560909900150889"
  Assets:Checking:Primary  -205.00 DKK
  Expenses:Loans:Student  205.00 DKK

2018-03-08 * "MobilePay Dan Meakin" "Bar, cafe & restaurant" #spiir
  spiir-id: "636561778941789628"
  Assets:Checking:Primary  -100.00 DKK
  Expenses:Food:Restaurant  100.00 DKK

2018-03-09 * "Netto Landemærket" "Dagligvarer" #spiir
  spiir-id: "636562612391398438"
  Assets:Checking:Primary  -62.35 DKK
  Expenses:Food:Groceries  62.35 DKK

2018-03-10 * "MobilePay: Dan Meakin" "Bar, cafe & restaurant" #spiir
  spiir-id: "636563556336770036"
  Assets:Checking:Primary  100.00 DKK
  Expenses:Food:Restaurant  -100.00 DKK

2018-03-10 * "MobilePay Tina Jensen" "Bus, tog, færge o.l." #spiir
  spiir-id: "636563556336770037"
  Assets:Checking:Primary  -365.00 DKK
  Expenses:Transport:Public  365.00 DKK

2018-03-10 * "Balderdash" "Bar, cafe & restaurant" #spiir
  spiir-id: "636564535245049288"
  Assets:Checking:Primary  -200.00 DKK
  Expenses:Food:Restaurant  200.00 DKK

2018-03-10 * "VDK DKK 70,00" "Ferieaktiviteter" #spiir
  spiir-id: "636564535245049289"
  Assets:Checking:Primary  -70.00 DKK
  Expenses:Travel:Activities  70.00 DKK

2018-03-11 * "MobilePay Tina Jensen" "Bus, tog, færge o.l." #spiir
  spiir-id: "636564535245049286"
  Assets:Checking:Primary  -365.00 DKK
  Expenses:Transport:Public  365.00 DKK

2018-03-11 * "MobilePay Orion Madsen" "Gaver & velgørenhed" #spiir
  spiir-id: "636564535245049287"
  Assets:Checking:Primary  -200.00 DKK
  Expenses:Gifts  200.00 DKK

2018-03-11 * "CIRCLE K TRAFIKCEN" "Kiosk, bager & specialbutikker" #spiir
  spiir-id: "636564535245049290"
  Assets:Checking:Primary  -39.90 DKK
  Expenses:Food:Kiosk  39.90 DKK

2018-03-11 * "DSB 7-Eleven NPSyd" "Kiosk, bager & specialbutikker" #spiir
  spiir-id: "636564535245049291"
  Assets:Checking:Primary  -42.95 DKK
  Expenses:Food:Kiosk  42.95 DKK

2018-03-11 * "Copenhagen boulder" "Sport & fritid" #spiir
  spiir-id: "636564535245049292"
  Assets:Checking:Primary  -130.00 DKK
  Expenses:Entertainment:Sports  130.00 DKK

2018-03-11 * "Copenhagen boulder" "Bar, cafe & restaurant" #spiir
  spiir-id: "636564535245049293"
  Assets:Checking:Primary  -40.00 DKK
  Expenses:Food:Restaurant  40.00 DKK

2018-03-11 * "skat.dk" "Restskat" #spiir
  spiir-id: "636564535245049294"
  Assets:Checking:Primary  -217.00 DKK
  Expenses:Tax:Back-Tax  217.00 DKK

2018-03-11 * "Ramen To Biiru" "Bar, cafe & restaurant" #spiir
  spiir-id: "636564535245049295"
  Assets:Checking:Primary  -115.00 DKK
  Expenses:Food:Restaurant  115.00 DKK

2018-03-12 * "KAFFA" "Bar, cafe & restaurant" #spiir
  spiir-id: "636565383001638771"
  Assets:Checking:Primary  -30.00 DKK
  Expenses:Food:Restaurant  30.00 DKK

2018-03-13 * "VDK DKK 90,00" "Bar, cafe & restaurant" #spiir
  spiir-id: "636565383001638772"
  Assets:Checking:Primary  -90.00 DKK
  Expenses:Food:Restaurant  90.00 DKK

2018-03-14 * "VDK DKK 78,00" "" #spiir
  spiir-id: "636566078582298061"
  Assets:Checking:Primary  -78.00 DKK
  Expenses:Uncategorized  78.00 DKK

2018-03-14 * "VDK DKK 99,00" "Film, musik & læsestof" #spiir
  spiir-id: "636566078582298062"
  Assets:Checking:Primary  -99.00 DKK
  Expenses:Entertainment:Media  99.00 DKK

2018-03-14 * "MobilePay Camilla Bune" "Bar, cafe & restaurant" #spiir
  spiir-id: "636566910008050066"
  Assets:Checking:Primary  -30.00 DKK
  Expenses:Food:Restaurant  30.00 DKK

2018-03-14 * "VAISENHUS APOTEK" "Apotek & medicin" #spiir
  spiir-id: "636566910008050067"
  Assets:Checking:Primary  -46.25 DKK
  Expenses:Health:Pharmacy  46.25 DKK

2018-03-15 * "MobilePay Morten Bang" "Bar, cafe & restaurant" #spiir
  spiir-id: "636566910008050068"
  Assets:Checking:Primary  -250.00 DKK
  Expenses:Food:Restaurant  250.00 DKK

2018-03-15 * "VDK DKK 35,00" "" #spiir
  spiir-id: "636566910008050069"
  Assets:Checking:Primary  -35.00 DKK
  Expenses:Uncategorized  35.00 DKK

2018-03-15 * "VDK USD 17,19" "Film, musik & læsestof" #spiir
  spiir-id: "636566910008050070"
  Assets:Checking:Primary  -106.06 DKK
  Expenses:Entertainment:Media  106.06 DKK

2018-03-15 * "Ikea" "Møbler & boligudstyr" #spiir
  spiir-id: "636567859704484099"
  Assets:Checking:Primary  -30.00 DKK
  Expenses:Shopping:Furniture  30.00 DKK

2018-03-15 * "Ikea" "Møbler & boligudstyr" #spiir
  spiir-id: "636567859704484100"
  Assets:Checking:Primary  -264.00 DKK
  Expenses:Shopping:Furniture  264.00 DKK

2018-03-15 * "McDonald's" "Fastfood & takeaway" #spiir
  spiir-id: "636567859704484101"
  Assets:Checking:Primary  -33.00 DKK
  Expenses:Food:Takeaway  33.00 DKK

2018-03-16 * "MobilePay Orion Madsen" "Gaver & velgørenhed" #spiir
  spiir-id: "636568749500618609"
  Assets:Checking:Primary  -800.00 DKK
  Expenses:Gifts  800.00 DKK

2018-03-16 * "GERD HJORTH TANDLÆ" "Behandling & læger" #spiir
  spiir-id: "636568749500618610"
  Assets:Checking:Primary  -1261.84 DKK
  Expenses:Health:Doctor  1261.84 DKK

2018-03-16 * "Emmerys (380)" "Bar, cafe & restaurant" #spiir
  spiir-id: "636568749500618611"
  Assets:Checking:Primary  -100.00 DKK
  Expenses:Food:Restaurant  100.00 DKK

2018-03-16 * "Ølbaren" "Bar, cafe & restaurant" #spiir
  spiir-id: "636568749500618612"
  Assets:Checking:Primary  -120.00 DKK
  Expenses:Food:Restaurant  120.00 DKK

2018-03-17 * "MobilePay: Alise Korna" "Bar, cafe & restaurant" #spiir
  spiir-id: "636569524527071943"
  Assets:Checking:Primary  490.00 DKK
  Expenses:Food:Restaurant  -490.00 DKK

2018-03-17 * "Ramen To Biiru" "Bar, cafe & restaurant" #spiir
  spiir-id: "636570504223255393"
  Assets:Checking:Primary  -169.00 DKK
  Expenses:Food:Restaurant  169.00 DKK

2018-03-17 * "Ramen To Biiru" "Bar, cafe & restaurant" #spiir
  spiir-id: "636570504223255394"
  Assets:Checking:Primary  -30.00 DKK
  Expenses:Food:Restaurant  30.00 DKK

2018-03-17 * "Lo-Jos Social" "Bar, cafe & restaurant" #spiir
  spiir-id: "636570504223255395"
  Assets:Checking:Primary  -100.00 DKK
  Expenses:Food:Restaurant  100.00 DKK

2018-03-17 * "Lo-Jos Social" "Bar, cafe & restaurant" #spiir
  spiir-id: "636570504223255396"
  Assets:Checking:Primary  -72.00 DKK
  Expenses:Food:Restaurant  72.00 DKK

2018-03-17 * "Lo-Jos Social" "Bar, cafe & restaurant" #spiir
  spiir-id: "636570504223255397"
  Assets:Checking:Primary  -56.00 DKK
  Expenses:Food:Restaurant  56.00 DKK

2018-03-17 * "BARBURRITO ApS" "Bar, cafe & restaurant" #spiir
  spiir-id: "636570504223255398"
  Assets:Checking:Primary  -734.25 DKK
  Expenses:Food:Restaurant  734.25 DKK

2018-03-17 * "Balderdash" "Bar, cafe & restaurant" #spiir
  spiir-id: "636570504223255399"
  Assets:Checking:Primary  -120.00 DKK
  Expenses:Food:Restaurant  120.00 DKK

2018-03-18 * "MobilePay Dan Meakin" "Bar, cafe & restaurant" #spiir
  spiir-id: "636570504223255392"
  Assets:Checking:Primary  -100.00 DKK
  Expenses:Food:Restaurant  100.00 DKK

2018-03-18 * "Copenhagen boulder" "Sport & fritid" #spiir
  spiir-id: "636570504223255400"
  Assets:Checking:Primary  -130.00 DKK
  Expenses:Entertainment:Sports  130.00 DKK

2018-03-18 * "HIND MARKED" "Dagligvarer" #spiir
  spiir-id: "636570504223255401"
  Assets:Checking:Primary  -164.00 DKK
  Expenses:Food:Groceries  164.00 DKK

2018-03-18 * "SuperB Nørrebrogad" "Dagligvarer" #spiir
  spiir-id: "636570504223255402"
  Assets:Checking:Primary  -189.40 DKK
  Expenses:Food:Groceries  189.40 DKK

2018-03-20 * "VDK USD 19,95" "Online services & software" #spiir
  spiir-id: "636571300155393170"
  Assets:Checking:Primary  -123.62 DKK
  Expenses:Subscriptions:Software  123.62 DKK

2018-03-20 * "VDK DKK 70,00" "Ferieaktiviteter" #spiir
  spiir-id: "636571300155393171"
  Assets:Checking:Primary  -70.00 DKK
  Expenses:Travel:Activities  70.00 DKK

2018-03-20 * "VDK DKK 72,40" "" #spiir
  spiir-id: "636571300155393172"
  Assets:Checking:Primary  -72.40 DKK
  Expenses:Uncategorized  72.40 DKK

2018-03-20 * "MobilePay Lisa-Maria Bruns" "Bar, cafe & restaurant" #spiir
  spiir-id: "636572162509018486"
  Assets:Checking:Primary  -35.00 DKK
  Expenses:Food:Restaurant  35.00 DKK

2018-03-21 * "VDK DKK 29,05" "" #spiir
  spiir-id: "636572162509018487"
  Assets:Checking:Primary  29.05 DKK
  Expenses:Uncategorized  -29.05 DKK

2018-03-21 * "MALING.DK" "Ombygning & vedligehold" #spiir
  spiir-id: "636573004671082056"
  Assets:Checking:Primary  -202.95 DKK
  Expenses:House:Renovation  202.95 DKK

2018-03-21 * "Netto 410" "Dagligvarer" #spiir
  spiir-id: "636573004671082057"
  Assets:Checking:Primary  -82.85 DKK
  Expenses:Food:Groceries  82.85 DKK

2018-03-21 * "Carhartt Store" "Tøj, sko & accessories" #spiir
  spiir-id: "636573004671082058"
  Assets:Checking:Primary  -700.00 DKK
  Expenses:Shopping:Clothing  700.00 DKK

2018-03-22 * "VDK DKK 133,03" "" #spiir
  spiir-id: "636573004671082059"
  Assets:Checking:Primary  -133.03 DKK
  Expenses:Uncategorized  133.03 DKK

2018-03-22 * "VDK DKK 560,13" "" #spiir
  spiir-id: "636573004671082060"
  Assets:Checking:Primary  -560.13 DKK
  Expenses:Uncategorized  560.13 DKK

2018-03-22 * "VDK DKK 117,35" "" #spiir
  spiir-id: "636573004671082061"
  Assets:Checking:Primary  -117.35 DKK
  Expenses:Uncategorized  117.35 DKK

2018-03-22 * "Landbageriet Aps" "Kiosk, bager & specialbutikker" #spiir
  spiir-id: "636574018717763175"
  Assets:Checking:Primary  -165.00 DKK
  Expenses:Food:Kiosk  165.00 DKK

2018-03-22 * "LÆDERIET ApS" "Hobby & sportsudstyr" #spiir
  spiir-id: "636574018717763176"
  Assets:Checking:Primary  -152.50 DKK
  Expenses:Shopping:Sports  152.50 DKK

2018-03-23 * "VDK DKK 290,12" "" #spiir
  spiir-id: "636574018717763177"
  Assets:Checking:Primary  -290.12 DKK
  Expenses:Uncategorized  290.12 DKK

2018-03-23 * "VDK DKK 83,02" "" #spiir
  spiir-id: "636574018717763178"
  Assets:Checking:Primary  83.02 DKK
  Expenses:Uncategorized  -83.02 DKK

2018-03-23 * "MobilePay Psykolog Tina Hvidtfeldt-Bøjlesen" "Behandling & læger" #spiir
  spiir-id: "636574809351555092"
  Assets:Checking:Primary  -403.39 DKK
  Expenses:Health:Doctor  403.39 DKK

2018-03-23 * "BeerDuck ApS" "Bar, cafe & restaurant" #spiir
  spiir-id: "636574809351555093"
  Assets:Checking:Primary  -175.00 DKK
  Expenses:Food:Restaurant  175.00 DKK

2018-03-23 * "PHO HA Noi" "Bar, cafe & restaurant" #spiir
  spiir-id: "636576432508473461"
  Assets:Checking:Primary  -1179.00 DKK
  Expenses:Food:Restaurant  1179.00 DKK

2018-03-24 * "MobilePay: Daniel Anders Wille Grunkin" "Bar, cafe & restaurant" #spiir
  spiir-id: "636575565917936371"
  Assets:Checking:Primary  194.25 DKK
  Expenses:Food:Restaurant  -194.25 DKK

2018-03-24 * "MobilePay: Alise Korna" "Bar, cafe & restaurant" #spiir
  spiir-id: "636575565917936372"
  Assets:Checking:Primary  402.00 DKK
  Expenses:Food:Restaurant  -402.00 DKK

2018-03-24 * "MobilePay: Paulo José Meneses Ribeiro Da Cunha" "Bar, cafe & restaurant" #spiir
  spiir-id: "636575565917936373"
  Assets:Checking:Primary  194.25 DKK
  Expenses:Food:Restaurant  -194.25 DKK

2018-03-24 * "MobilePay: Toby Moore" "Bar, cafe & restaurant" #spiir
  spiir-id: "636575565917936374"
  Assets:Checking:Primary  194.25 DKK
  Expenses:Food:Restaurant  -194.25 DKK

2018-03-24 * "Viktoriagade Bar A" "Bar, cafe & restaurant" #spiir
  spiir-id: "636576432508473462"
  Assets:Checking:Primary  -60.00 DKK
  Expenses:Food:Restaurant  60.00 DKK

2018-03-24 * "Viktoriagade Bar A" "Bar, cafe & restaurant" #spiir
  spiir-id: "636576432508473463"
  Assets:Checking:Primary  -70.00 DKK
  Expenses:Food:Restaurant  70.00 DKK

2018-03-24 * "Viktoriagade Bar A" "Bar, cafe & restaurant" #spiir
  spiir-id: "636576432508473464"
  Assets:Checking:Primary  -140.00 DKK
  Expenses:Food:Restaurant  140.00 DKK

2018-03-24 * "Dunkin Donuts HGB" "Kiosk, bager & specialbutikker" #spiir
  spiir-id: "636576432508473465"
  Assets:Checking:Primary  -36.00 DKK
  Expenses:Food:Kiosk  36.00 DKK

2018-03-25 * "Copenhagen boulder" "Sport & fritid" #spiir
  spiir-id: "636576432508473466"
  Assets:Checking:Primary  -820.00 DKK
  Expenses:Entertainment:Sports  820.00 DKK

2018-03-25 * "Stark K & M City" "Ombygning & vedligehold" #spiir
  spiir-id: "636576432508473467"
  Assets:Checking:Primary  -161.95 DKK
  Expenses:House:Renovation  161.95 DKK

2018-03-25 * "Irma Nørre Voldg" "Dagligvarer" #spiir
  spiir-id: "636576432508473468"
  Assets:Checking:Primary  -158.00 DKK
  Expenses:Food:Groceries  158.00 DKK

2018-03-26 * "Fakta 324" "Dagligvarer" #spiir
  spiir-id: "636577411589819364"
  Assets:Checking:Primary  -37.15 DKK
  Expenses:Food:Groceries  37.15 DKK

2018-03-27 * "VDK USD 7,00" "Online services & software" #spiir
  spiir-id: "636577411589819365"
  Assets:Checking:Primary  -43.24 DKK
  Expenses:Subscriptions:Software  43.24 DKK

2018-03-27 * "VDK DKK 38,00" "Online services & software" #spiir
  spiir-id: "636577411589819366"
  Assets:Checking:Primary  -38.00 DKK
  Expenses:Subscriptions:Software  38.00 DKK

2018-03-27 * "DSB 7-Eleven Buddi" "Kiosk, bager & specialbutikker" #spiir
  spiir-id: "636578469362785571"
  Assets:Checking:Primary  -23.45 DKK
  Expenses:Food:Kiosk  23.45 DKK

2018-03-27 * "MobilePay Zaggis" "Bar, cafe & restaurant" #spiir
  spiir-id: "636578469362785572"
  Assets:Checking:Primary  -30.00 DKK
  Expenses:Food:Restaurant  30.00 DKK

2018-03-27 * "MobilePay Psykolog Tina Hvidtfeldt-Bøjlesen" "Behandling & læger" #spiir
  spiir-id: "636578469362785573"
  Assets:Checking:Primary  -336.36 DKK
  Expenses:Health:Doctor  336.36 DKK

2018-03-27 * "Nørrebro Apotek v/" "Apotek & medicin" #spiir
  spiir-id: "636578469362785574"
  Assets:Checking:Primary  -80.00 DKK
  Expenses:Health:Pharmacy  80.00 DKK

2018-03-27 * "MobilePay: Morten Ankerstjerne" "" #spiir
  spiir-id: "636578469362785575"
  Assets:Checking:Primary  15.00 DKK
  Expenses:Uncategorized  -15.00 DKK

2018-03-27 * "Frisør Liebmann" "Frisør & personlig pleje" #spiir
  spiir-id: "636578469362785576"
  Assets:Checking:Primary  -500.00 DKK
  Expenses:Shopping:Personal-Care  500.00 DKK

2018-03-27 * "Lønoverførsel" "Løn" #spiir
  spiir-id: "636578469362785577"
  Assets:Checking:Primary  21237.33 DKK
  Income:Salary  -21237.33 DKK

2018-03-28 * "VDK DKK 206,00" "Tøj, sko & accessories" #spiir
  spiir-id: "636578469362785578"
  Assets:Checking:Primary  -206.00 DKK
  Expenses:Shopping:Clothing  206.00 DKK

2018-03-28 * "Til Opsparing" "Anden opsparing" #spiir
  spiir-id: "636578469362785579"
  Assets:Checking:Primary  -8000.00 DKK
  Assets:Savings:Other  8000.00 DKK

2018-03-28 * "WeShare: Far" "" #spiir
  spiir-id: "636578469362785580"
  Assets:Checking:Primary  165.00 DKK
  Expenses:Uncategorized  -165.00 DKK

2018-03-28 * "MobilePay Zaggis" "Bar, cafe & restaurant" #spiir
  spiir-id: "636578469362785581"
  Assets:Checking:Primary  -30.00 DKK
  Expenses:Food:Restaurant  30.00 DKK

2018-03-28 * "MobilePay WeShare" "" #spiir
  spiir-id: "636578469362785582"
  Assets:Checking:Primary  -139.66 DKK
  Expenses:Uncategorized  139.66 DKK

2018-03-28 * "MobilePay WeShare" "Bus, tog, færge o.l." #spiir
  spiir-id: "636578469362785583"
  Assets:Checking:Primary  -310.13 DKK
  Expenses:Transport:Public  310.13 DKK

2018-03-28 * "SuperB Nørrebrogad" "Dagligvarer" #spiir
  spiir-id: "636578469362785584"
  Assets:Checking:Primary  -91.90 DKK
  Expenses:Food:Groceries  91.90 DKK

2018-03-28 * "MALING.DK" "Ombygning & vedligehold" #spiir
  spiir-id: "636578469362785585"
  Assets:Checking:Primary  -19.95 DKK
  Expenses:House:Renovation  19.95 DKK

2018-03-28 * "3´s Kortbetaling" "Telefoni & internet" #spiir
  spiir-id: "636579121490761028"
  Assets:Checking:Primary  -232.99 DKK
  Expenses:Subscriptions:Telecom  232.99 DKK

2018-03-29 * "Husleje" "Boliglån/husleje" #spiir
  spiir-id: "636579919028528689"
  Assets:Checking:Primary  -5022.00 DKK
  Expenses:House:Mortgage  5022.00 DKK

2018-03-29 * "MobilePay Zaggis" "Bar, cafe & restaurant" #spiir
  spiir-id: "636579919028528690"
  Assets:Checking:Primary  -30.00 DKK
  Expenses:Food:Restaurant  30.00 DKK

2018-03-29 * "Dbkk" "Sport & fritid" #spiir
  spiir-id: "636583490591973034"
  Assets:Checking:Primary  -395.00 DKK
  Expenses:Entertainment:Sports  395.00 DKK

2018-03-29 * "Akademikernes A-Kasse" "Fagforening & a-kasse" #spiir
  spiir-id: "636583490591973035"
  Assets:Checking:Primary  -1308.00 DKK
  Expenses:Insurance:Union  1308.00 DKK

2018-03-29 * "Fitness DK" "Sport & fritid" #spiir
  spiir-id: "636583490591973036"
  Assets:Checking:Primary  -338.75 DKK
  Expenses:Entertainment:Sports  338.75 DKK

2018-03-29 * "Fiol Optik" "Briller & kontaktlinser" #spiir
  spiir-id: "636583490591973037"
  Assets:Checking:Primary  -660.00 DKK
  Expenses:Health:Vision  660.00 DKK

2018-03-30 * "MobilePay WeShare" "Gaver & velgørenhed" #spiir
  spiir-id: "636580738169955604"
  Assets:Checking:Primary  -280.00 DKK
  Expenses:Gifts  280.00 DKK

2018-03-30 * "Gebyrer i alt" "Bankgebyrer" #spiir
  spiir-id: "636580738169955605"
  Assets:Checking:Primary  -90.00 DKK
  Expenses:Bank:Fees  90.00 DKK

2018-03-30 * "Gebyr - PATRICK OG SIGNE POULSEN" "Bankgebyrer" #spiir
  spiir-id: "636580738169955606"
  Assets:Checking:Primary  -20.00 DKK
  Expenses:Bank:Fees  20.00 DKK

2018-03-31 * "MobilePay Morten Ankerstjerne" "" #spiir
  spiir-id: "636581563142071271"
  Assets:Checking:Primary  -85.00 DKK
  Expenses:Uncategorized  85.00 DKK

2018-03-31 * "DSB 7-Eleven Kh M4" "Kiosk, bager & specialbutikker" #spiir
  spiir-id: "636583490591973038"
  Assets:Checking:Primary  -32.00 DKK
  Expenses:Food:Kiosk  32.00 DKK

2018-04-01 * "MobilePay Zaggis" "Bar, cafe & restaurant" #spiir
  spiir-id: "636581803403893716"
  Assets:Checking:Primary  -15.00 DKK
  Expenses:Food:Restaurant  15.00 DKK

2018-04-01 * "Irma city" "Dagligvarer" #spiir
  spiir-id: "636583490591973039"
  Assets:Checking:Primary  -47.75 DKK
  Expenses:Food:Groceries  47.75 DKK

2018-04-02 * "HIND MARKED" "Dagligvarer" #spiir
  spiir-id: "636583490591973040"
  Assets:Checking:Primary  -100.00 DKK
  Expenses:Food:Groceries  100.00 DKK

2018-04-02 * "HIND MARKED" "Dagligvarer" #spiir
  spiir-id: "636583490591973041"
  Assets:Checking:Primary  -15.00 DKK
  Expenses:Food:Groceries  15.00 DKK

2018-04-03 * "Far" "Gaver & velgørenhed" #spiir
  spiir-id: "636583490591973042"
  Assets:Checking:Primary  -1000.00 DKK
  Expenses:Gifts  1000.00 DKK

2018-04-03 * "Dry & Bitter ApS" "Bar, cafe & restaurant" #spiir
  spiir-id: "636584172268868778"
  Assets:Checking:Primary  -100.00 DKK
  Expenses:Food:Restaurant  100.00 DKK

2018-04-04 * "VDK DKK 200,00" "" #spiir
  spiir-id: "636584172268868779"
  Assets:Checking:Primary  -200.00 DKK
  Expenses:Uncategorized  200.00 DKK

2018-04-04 * "VDK USD 35,88" "" #spiir
  spiir-id: "636584172268868780"
  Assets:Checking:Primary  -221.74 DKK
  Expenses:Uncategorized  221.74 DKK

2018-04-04 * "VDK DKK 25,00" "Ferieaktiviteter" #spiir
  spiir-id: "636584172268868781"
  Assets:Checking:Primary  -25.00 DKK
  Expenses:Travel:Activities  25.00 DKK

2018-04-04 * "MobilePay Zaggis" "Bar, cafe & restaurant" #spiir
  spiir-id: "636585111433906905"
  Assets:Checking:Primary  -15.00 DKK
  Expenses:Food:Restaurant  15.00 DKK

2018-04-04 * "MobilePay Astrid Birch Friis" "Gaver & velgørenhed" #spiir
  spiir-id: "636585111433906906"
  Assets:Checking:Primary  -30.00 DKK
  Expenses:Gifts  30.00 DKK

2018-04-04 * "THE COFFEE COLLECT" "Bar, cafe & restaurant" #spiir
  spiir-id: "636585111433906907"
  Assets:Checking:Primary  -35.00 DKK
  Expenses:Food:Restaurant  35.00 DKK

2018-04-04 * "ILLUM" "Tøj, sko & accessories" #spiir
  spiir-id: "636585111433906908"
  Assets:Checking:Primary  -150.00 DKK
  Expenses:Shopping:Clothing  150.00 DKK

2018-04-04 * "Den Gamle Købmand" "Dagligvarer" #spiir
  spiir-id: "636585111433906909"
  Assets:Checking:Primary  -48.00 DKK
  Expenses:Food:Groceries  48.00 DKK

2018-04-05 * "KUNST OG KØKKENTØJ" "Møbler & boligudstyr" #spiir
  spiir-id: "636585980410388891"
  Assets:Checking:Primary  -400.00 DKK
  Expenses:Shopping:Furniture  400.00 DKK

2018-04-05 * "Irma Nørre Voldg" "Dagligvarer" #spiir
  spiir-id: "636585980410388892"
  Assets:Checking:Primary  -113.08 DKK
  Expenses:Food:Groceries  113.08 DKK

2018-04-05 * "SuperB Nørrebrogad" "Dagligvarer" #spiir
  spiir-id: "636585980410388893"
  Assets:Checking:Primary  -84.74 DKK
  Expenses:Food:Groceries  84.74 DKK

2018-04-06 * "MobilePay Zaggis" "Bar, cafe & restaurant" #spiir
  spiir-id: "636585980410388894"
  Assets:Checking:Primary  -15.00 DKK
  Expenses:Food:Restaurant  15.00 DKK

2018-04-07 * "MobilePay Zaggis" "Bar, cafe & restaurant" #spiir
  spiir-id: "636586936485809956"
  Assets:Checking:Primary  -30.00 DKK
  Expenses:Food:Restaurant  30.00 DKK

2018-04-07 * "PIZZAHUSET" "Fastfood & takeaway" #spiir
  spiir-id: "636588706419128456"
  Assets:Checking:Primary  -64.00 DKK
  Expenses:Food:Takeaway  64.00 DKK

2018-04-08 * "MobilePay Zaggis" "Bar, cafe & restaurant" #spiir
  spiir-id: "636588706419128455"
  Assets:Checking:Primary  -15.00 DKK
  Expenses:Food:Restaurant  15.00 DKK

2018-04-08 * "CPH MEATERY" "Bar, cafe & restaurant" #spiir
  spiir-id: "636588706419128457"
  Assets:Checking:Primary  -65.00 DKK
  Expenses:Food:Restaurant  65.00 DKK

2018-04-08 * "Irma 23089 City" "Dagligvarer" #spiir
  spiir-id: "636588706419128458"
  Assets:Checking:Primary  -10.00 DKK
  Expenses:Food:Groceries  10.00 DKK

2018-04-09 * "Netto Landemærket" "Dagligvarer" #spiir
  spiir-id: "636589565251997024"
  Assets:Checking:Primary  -55.00 DKK
  Expenses:Food:Groceries  55.00 DKK

2018-04-09 * "Tryk Bar" "Bar, cafe & restaurant" #spiir
  spiir-id: "636589565251997025"
  Assets:Checking:Primary  -52.00 DKK
  Expenses:Food:Restaurant  52.00 DKK

2018-04-09 * "Tryk Bar" "Bar, cafe & restaurant" #spiir
  spiir-id: "636589565251997026"
  Assets:Checking:Primary  -52.00 DKK
  Expenses:Food:Restaurant  52.00 DKK

2018-04-09 * "Irma Nørre Voldg" "Dagligvarer" #spiir
  spiir-id: "636589565251997027"
  Assets:Checking:Primary  -70.12 DKK
  Expenses:Food:Groceries  70.12 DKK

2018-04-10 * "VDK DKK 70,25" "" #spiir
  spiir-id: "636589565251997028"
  Assets:Checking:Primary  -70.25 DKK
  Expenses:Uncategorized  70.25 DKK

2018-04-10 * "VDK DKK 38,00" "Online services & software" #spiir
  spiir-id: "636589565251997029"
  Assets:Checking:Primary  -38.00 DKK
  Expenses:Subscriptions:Software  38.00 DKK

2018-04-10 * "VDK DKK 505,00" "" #spiir
  spiir-id: "636589565251997030"
  Assets:Checking:Primary  -505.00 DKK
  Expenses:Uncategorized  505.00 DKK

2018-04-10 * "MobilePay: Leonora" "" #spiir
  spiir-id: "636590410320703165"
  Assets:Checking:Primary  100.00 DKK
  Expenses:Uncategorized  -100.00 DKK

2018-04-11 * "Wedofood ApS" "Fastfood & takeaway" #spiir
  spiir-id: "636590410320703166"
  Assets:Checking:Primary  -198.00 DKK
  Expenses:Food:Takeaway  198.00 DKK

2018-04-11 * "VDK DKK 35,00" "" #spiir
  spiir-id: "636590410320703167"
  Assets:Checking:Primary  -35.00 DKK
  Expenses:Uncategorized  35.00 DKK

2018-04-11 * "Himmeriget" "Bar, cafe & restaurant" #spiir
  spiir-id: "636591263946754724"
  Assets:Checking:Primary  -45.00 DKK
  Expenses:Food:Restaurant  45.00 DKK

2018-04-11 * "Himmeriget" "Bar, cafe & restaurant" #spiir
  spiir-id: "636591263946754725"
  Assets:Checking:Primary  -70.00 DKK
  Expenses:Food:Restaurant  70.00 DKK

2018-04-11 * "MobilePay: Peter A" "" #spiir
  spiir-id: "636591263946754726"
  Assets:Checking:Primary  80.00 DKK
  Expenses:Uncategorized  -80.00 DKK

2018-04-11 * "MobilePay: David" "" #spiir
  spiir-id: "636591263946754727"
  Assets:Checking:Primary  80.00 DKK
  Expenses:Uncategorized  -80.00 DKK

2018-04-11 * "Himmeriget" "Bar, cafe & restaurant" #spiir
  spiir-id: "636591263946754728"
  Assets:Checking:Primary  -305.00 DKK
  Expenses:Food:Restaurant  305.00 DKK

2018-04-11 * "Himmeriget" "Bar, cafe & restaurant" #spiir
  spiir-id: "636591263946754729"
  Assets:Checking:Primary  -65.00 DKK
  Expenses:Food:Restaurant  65.00 DKK

2018-04-11 * "Himmeriget" "Bar, cafe & restaurant" #spiir
  spiir-id: "636591263946754730"
  Assets:Checking:Primary  -45.00 DKK
  Expenses:Food:Restaurant  45.00 DKK

2018-04-12 * "MobilePay Zaggis" "Bar, cafe & restaurant" #spiir
  spiir-id: "636591263946754731"
  Assets:Checking:Primary  -15.00 DKK
  Expenses:Food:Restaurant  15.00 DKK

2018-04-12 * "MobilePay: Milena Nikolova" "" #spiir
  spiir-id: "636591956682225352"
  Assets:Checking:Primary  39.00 DKK
  Expenses:Uncategorized  -39.00 DKK

2018-04-12 * "MobilePay Psykolog Tina Hvidtfeldt-Bøjlesen" "Behandling & læger" #spiir
  spiir-id: "636591956682225353"
  Assets:Checking:Primary  -336.36 DKK
  Expenses:Health:Doctor  336.36 DKK

2018-04-13 * "VDK DKK 60,00" "Fastfood & takeaway" #spiir
  spiir-id: "636591956682225354"
  Assets:Checking:Primary  -60.00 DKK
  Expenses:Food:Takeaway  60.00 DKK

2018-04-13 * "MobilePay Zaggis" "Bar, cafe & restaurant" #spiir
  spiir-id: "636592825071252366"
  Assets:Checking:Primary  -15.00 DKK
  Expenses:Food:Restaurant  15.00 DKK

2018-04-13 * "COFFEE ROOM ApS" "Bar, cafe & restaurant" #spiir
  spiir-id: "636592825071252367"
  Assets:Checking:Primary  -78.00 DKK
  Expenses:Food:Restaurant  78.00 DKK

2018-04-14 * "MobilePay: Dessouky" "" #spiir
  spiir-id: "636594581418710631"
  Assets:Checking:Primary  200.00 DKK
  Expenses:Uncategorized  -200.00 DKK

2018-04-14 * "VDK DKK 99,00" "Film, musik & læsestof" #spiir
  spiir-id: "636594581418710632"
  Assets:Checking:Primary  -99.00 DKK
  Expenses:Entertainment:Media  99.00 DKK

2018-04-14 * "G.A.Y CPH" "Bar, cafe & restaurant" #spiir
  spiir-id: "636594581418710633"
  Assets:Checking:Primary  -20.00 DKK
  Expenses:Food:Restaurant  20.00 DKK

2018-04-14 * "McDonald´s Nørrevo" "Fastfood & takeaway" #spiir
  spiir-id: "636594581418710634"
  Assets:Checking:Primary  -153.00 DKK
  Expenses:Food:Takeaway  153.00 DKK

2018-04-14 * "McDonald´s Nørrevo" "Fastfood & takeaway" #spiir
  spiir-id: "636594581418710635"
  Assets:Checking:Primary  -2.00 DKK
  Expenses:Food:Takeaway  2.00 DKK

2018-04-14 * "McDonald´s Nørrevo" "Fastfood & takeaway" #spiir
  spiir-id: "636594581418710636"
  Assets:Checking:Primary  -6.00 DKK
  Expenses:Food:Takeaway  6.00 DKK

2018-04-14 * "McKorman" "Tøj, sko & accessories" #spiir
  spiir-id: "636594581418710637"
  Assets:Checking:Primary  -399.00 DKK
  Expenses:Shopping:Clothing  399.00 DKK

2018-04-14 * "SuperB Nørrebrogad" "Dagligvarer" #spiir
  spiir-id: "636594581418710638"
  Assets:Checking:Primary  -309.00 DKK
  Expenses:Food:Groceries  309.00 DKK

2018-04-15 * "Brus ApS" "Tøj, sko & accessories" #spiir
  spiir-id: "636594581418710639"
  Assets:Checking:Primary  -120.00 DKK
  Expenses:Shopping:Clothing  120.00 DKK

2018-04-16 * "Stenbergs Bog & Id" "Film, musik & læsestof" #spiir
  spiir-id: "636595434981741031"
  Assets:Checking:Primary  -79.90 DKK
  Expenses:Entertainment:Media  79.90 DKK

2018-04-17 * "VDK USD 17,19" "Film, musik & læsestof" #spiir
  spiir-id: "636595434981741032"
  Assets:Checking:Primary  -106.09 DKK
  Expenses:Entertainment:Media  106.09 DKK

2018-04-17 * "VDK DKK 68,00" "Film, musik & læsestof" #spiir
  spiir-id: "636595434981741033"
  Assets:Checking:Primary  -68.00 DKK
  Expenses:Entertainment:Media  68.00 DKK

2018-04-17 * "VDK DKK 400,00" "" #spiir
  spiir-id: "636595434981741034"
  Assets:Checking:Primary  -400.00 DKK
  Expenses:Uncategorized  400.00 DKK

2018-04-17 * "SuperB Nørrebrogad" "Dagligvarer" #spiir
  spiir-id: "636596269801073980"
  Assets:Checking:Primary  -149.62 DKK
  Expenses:Food:Groceries  149.62 DKK

2018-04-17 * "MobilePay Karsten Havard Vestergaard" "" #spiir
  spiir-id: "636596269801073981"
  Assets:Checking:Primary  -25.00 DKK
  Expenses:Uncategorized  25.00 DKK

2018-04-17 * "fætterguf" "Kiosk, bager & specialbutikker" #spiir
  spiir-id: "636596269801073982"
  Assets:Checking:Primary  -29.00 DKK
  Expenses:Food:Kiosk  29.00 DKK

2018-04-17 * "BEYTI ApS" "Fastfood & takeaway" #spiir
  spiir-id: "636596269801073983"
  Assets:Checking:Primary  -69.00 DKK
  Expenses:Food:Takeaway  69.00 DKK

2018-04-18 * "VDK DKK 29,00" "Ferieaktiviteter" #spiir
  spiir-id: "636596269801073984"
  Assets:Checking:Primary  -29.00 DKK
  Expenses:Travel:Activities  29.00 DKK

2018-04-18 * "7-Eleven butik 54" "Kiosk, bager & specialbutikker" #spiir
  spiir-id: "636596841901889840"
  Assets:Checking:Primary  -28.00 DKK
  Expenses:Food:Kiosk  28.00 DKK

2018-04-19 * "VDK DKK 28,00" "Film, musik & læsestof" #spiir
  spiir-id: "636597372260879333"
  Assets:Checking:Primary  -28.00 DKK
  Expenses:Entertainment:Media  28.00 DKK

2018-04-19 * "VDK DKK 70,00" "Ferieaktiviteter" #spiir
  spiir-id: "636597372260879334"
  Assets:Checking:Primary  -70.00 DKK
  Expenses:Travel:Activities  70.00 DKK

2018-04-19 * "TOYO SUSHI ApS" "Bar, cafe & restaurant" #spiir
  spiir-id: "636598098901437876"
  Assets:Checking:Primary  -285.00 DKK
  Expenses:Food:Restaurant  285.00 DKK

2018-04-20 * "Emmerys (380)" "Bar, cafe & restaurant" #spiir
  spiir-id: "636599052338351032"
  Assets:Checking:Primary  -36.00 DKK
  Expenses:Food:Restaurant  36.00 DKK

2018-04-20 * "Emmerys (380)" "Bar, cafe & restaurant" #spiir
  spiir-id: "636599052338351033"
  Assets:Checking:Primary  -66.67 DKK
  Expenses:Food:Restaurant  66.67 DKK

2018-04-20 * "Big Apple ApS" "Elektronik & computerudstyr" #spiir
  spiir-id: "636599052338351035"
  Assets:Checking:Primary  -180.00 DKK
  Expenses:Shopping:Electronics  180.00 DKK

2018-04-20 * "MobilePay Lammeskind" "" #spiir
  spiir-id: "636599052338351036"
  Assets:Checking:Primary  -25.00 DKK
  Expenses:Uncategorized  25.00 DKK

2018-04-20 * "KIHOSKH A/S" "Kiosk, bager & specialbutikker" #spiir
  spiir-id: "636599052338351037"
  Assets:Checking:Primary  -142.00 DKK
  Expenses:Food:Kiosk  142.00 DKK

2018-04-21 * "MobilePay Dessouky" "Bar, cafe & restaurant" #spiir
  spiir-id: "636599301659849379"
  Assets:Checking:Primary  -90.00 DKK
  Expenses:Food:Restaurant  90.00 DKK

2018-04-21 * "MobilePay: Dessouky" "" #spiir
  spiir-id: "636599301659849380"
  Assets:Checking:Primary  100.00 DKK
  Expenses:Uncategorized  -100.00 DKK

2018-04-21 * "Dry & Bitter ApS" "Bar, cafe & restaurant" #spiir
  spiir-id: "636600704674147929"
  Assets:Checking:Primary  -110.00 DKK
  Expenses:Food:Restaurant  110.00 DKK

2018-04-22 * "MobilePay WeShare" "El, vand, varme & renovation" #spiir
  spiir-id: "636599838976585787"
  Assets:Checking:Primary  -347.24 DKK
  Expenses:House:Heating  347.24 DKK

2018-04-22 * "MobilePay Dessouky" "Bar, cafe & restaurant" #spiir
  spiir-id: "636600704674147928"
  Assets:Checking:Primary  -125.00 DKK
  Expenses:Food:Restaurant  125.00 DKK

2018-04-22 * "Dry & Bitter ApS" "Bar, cafe & restaurant" #spiir
  spiir-id: "636600704674147930"
  Assets:Checking:Primary  -110.00 DKK
  Expenses:Food:Restaurant  110.00 DKK

2018-04-22 * "fætterguf" "Kiosk, bager & specialbutikker" #spiir
  spiir-id: "636600704674147931"
  Assets:Checking:Primary  -29.00 DKK
  Expenses:Food:Kiosk  29.00 DKK

2018-04-23 * "MobilePay Dan Meakin" "Tobak & alkohol" #spiir
  spiir-id: "636602434648618841"
  Assets:Checking:Primary  -75.00 DKK
  Expenses:Food:Alcohol  75.00 DKK

2018-04-24 * "VDK DKK 25,00" "Ferieaktiviteter" #spiir
  spiir-id: "636602434648618842"
  Assets:Checking:Primary  -25.00 DKK
  Expenses:Travel:Activities  25.00 DKK

2018-04-24 * "VDK DKK 119,00" "" #spiir
  spiir-id: "636602434648618843"
  Assets:Checking:Primary  -119.00 DKK
  Expenses:Uncategorized  119.00 DKK

2018-04-24 * "JUST EAT.DK ApS" "Fastfood & takeaway" #spiir
  spiir-id: "636602434648618844"
  Assets:Checking:Primary  -175.34 DKK
  Expenses:Food:Takeaway  175.34 DKK

2018-04-24 * "HIND MARKED" "Dagligvarer" #spiir
  spiir-id: "636602434648618845"
  Assets:Checking:Primary  -40.00 DKK
  Expenses:Food:Groceries  40.00 DKK

2018-04-24 * "Fakta 324" "Dagligvarer" #spiir
  spiir-id: "636602434648618846"
  Assets:Checking:Primary  -38.45 DKK
  Expenses:Food:Groceries  38.45 DKK

2018-04-24 * "Fakta 324" "Dagligvarer" #spiir
  spiir-id: "636602434648618847"
  Assets:Checking:Primary  -36.70 DKK
  Expenses:Food:Groceries  36.70 DKK

2018-04-26 * "VDK USD 7,00" "Online services & software" #spiir
  spiir-id: "636603332766163263"
  Assets:Checking:Primary  -43.66 DKK
  Expenses:Subscriptions:Software  43.66 DKK

2018-04-26 * "MobilePay Dessouky" "Gaver & velgørenhed" #spiir
  spiir-id: "636603332766163264"
  Assets:Checking:Primary  -125.00 DKK
  Expenses:Gifts  125.00 DKK

2018-04-26 * "Lønoverførsel" "Løn" #spiir
  spiir-id: "636606949840866686"
  Assets:Checking:Primary  23089.89 DKK
  Income:Salary  -23089.89 DKK

2018-04-27 * "MobilePay Aeiat Marked" "" #spiir
  spiir-id: "636604965181386088"
  Assets:Checking:Primary  -30.00 DKK
  Expenses:Uncategorized  30.00 DKK

2018-04-27 * "Issa Marked" "Kiosk, bager & specialbutikker" #spiir
  spiir-id: "636606949840866687"
  Assets:Checking:Primary  -85.00 DKK
  Expenses:Food:Kiosk  85.00 DKK

2018-04-27 * "ALHODA HALAL SLAGT" "Dagligvarer" #spiir
  spiir-id: "636606949840866688"
  Assets:Checking:Primary  -69.00 DKK
  Expenses:Food:Groceries  69.00 DKK

2018-04-27 * "ALHODA HALAL SLAGT" "Dagligvarer" #spiir
  spiir-id: "636606949840866689"
  Assets:Checking:Primary  -59.00 DKK
  Expenses:Food:Groceries  59.00 DKK

2018-04-27 * "HIND MARKED" "Dagligvarer" #spiir
  spiir-id: "636606949840866690"
  Assets:Checking:Primary  -65.00 DKK
  Expenses:Food:Groceries  65.00 DKK

2018-04-27 * "THAI & CHINESE" "Fastfood & takeaway" #spiir
  spiir-id: "636606949840866691"
  Assets:Checking:Primary  -186.00 DKK
  Expenses:Food:Takeaway  186.00 DKK

2018-04-28 * "MobilePay PLUKK" "Have & planter" #spiir
  spiir-id: "636605757366668215"
  Assets:Checking:Primary  -250.00 DKK
  Expenses:House:Garden  250.00 DKK

2018-04-28 * "MobilePay Bardur Højgaard" "Bar, cafe & restaurant" #spiir
  spiir-id: "636605757366668216"
  Assets:Checking:Primary  -140.00 DKK
  Expenses:Food:Restaurant  140.00 DKK

2018-04-28 * "THAI & CHINESE" "Fastfood & takeaway" #spiir
  spiir-id: "636606949840866692"
  Assets:Checking:Primary  -69.00 DKK
  Expenses:Food:Takeaway  69.00 DKK

2018-04-28 * "KIHOSKH A/S" "Kiosk, bager & specialbutikker" #spiir
  spiir-id: "636606949840866693"
  Assets:Checking:Primary  -32.00 DKK
  Expenses:Food:Kiosk  32.00 DKK

2018-04-28 * "REMA 1000 Nørrebro" "Dagligvarer" #spiir
  spiir-id: "636606949840866694"
  Assets:Checking:Primary  -63.87 DKK
  Expenses:Food:Groceries  63.87 DKK

2018-04-28 * "HIND MARKED" "Dagligvarer" #spiir
  spiir-id: "636606949840866695"
  Assets:Checking:Primary  -30.00 DKK
  Expenses:Food:Groceries  30.00 DKK

2018-04-29 * "MobilePay: Dan Meakin" "Bar, cafe & restaurant" #spiir
  spiir-id: "636605999335378136"
  Assets:Checking:Primary  70.00 DKK
  Expenses:Food:Restaurant  -70.00 DKK

2018-04-29 * "MobilePay Zaggis" "Bar, cafe & restaurant" #spiir
  spiir-id: "636605999335378137"
  Assets:Checking:Primary  -15.00 DKK
  Expenses:Food:Restaurant  15.00 DKK

2018-04-29 * "fætterguf" "Kiosk, bager & specialbutikker" #spiir
  spiir-id: "636606949840866696"
  Assets:Checking:Primary  -29.00 DKK
  Expenses:Food:Kiosk  29.00 DKK

2018-04-29 * "Empire Bio A/S" "Biograf, koncerter & forlystelser" #spiir
  spiir-id: "636606949840866697"
  Assets:Checking:Primary  -115.00 DKK
  Expenses:Entertainment:Events  115.00 DKK

2018-04-29 * "Empire Bio A/S" "Biograf, koncerter & forlystelser" #spiir
  spiir-id: "636606949840866698"
  Assets:Checking:Primary  -92.00 DKK
  Expenses:Entertainment:Events  92.00 DKK

2018-04-30 * "Brus ApS" "Tøj, sko & accessories" #spiir
  spiir-id: "636606949840866699"
  Assets:Checking:Primary  -50.00 DKK
  Expenses:Shopping:Clothing  50.00 DKK

2018-04-30 * "Dyrehaven" "Bar, cafe & restaurant" #spiir
  spiir-id: "636606949840866700"
  Assets:Checking:Primary  -60.00 DKK
  Expenses:Food:Restaurant  60.00 DKK

2018-04-30 * "Dyrehaven" "Bar, cafe & restaurant" #spiir
  spiir-id: "636606949840866701"
  Assets:Checking:Primary  -260.00 DKK
  Expenses:Food:Restaurant  260.00 DKK

2018-04-30 * "Føtex Food Torvets" "Dagligvarer" #spiir
  spiir-id: "636607592584109890"
  Assets:Checking:Primary  -97.90 DKK
  Expenses:Food:Groceries  97.90 DKK

2018-04-30 * "Husleje" "Boliglån/husleje" #spiir
  spiir-id: "636607592584109891"
  Assets:Checking:Primary  -6296.00 DKK
  Expenses:House:Mortgage  6296.00 DKK

2018-04-30 * "3´s Kortbetaling" "Telefoni & internet" #spiir
  spiir-id: "636607592584109892"
  Assets:Checking:Primary  -149.55 DKK
  Expenses:Subscriptions:Telecom  149.55 DKK

2018-05-01 * "VDK DKK 83,05" "" #spiir
  spiir-id: "636607592584109893"
  Assets:Checking:Primary  -83.05 DKK
  Expenses:Uncategorized  83.05 DKK

2018-05-01 * "VDK DKK 38,00" "Online services & software" #spiir
  spiir-id: "636607592584109894"
  Assets:Checking:Primary  -38.00 DKK
  Expenses:Subscriptions:Software  38.00 DKK

2018-05-01 * "VDK DKK 40,00" "Bar, cafe & restaurant" #spiir
  spiir-id: "636607592584109895"
  Assets:Checking:Primary  -40.00 DKK
  Expenses:Food:Restaurant  40.00 DKK

2018-05-01 * "Far" "Gaver & velgørenhed" #spiir
  spiir-id: "636607592584109896"
  Assets:Checking:Primary  -1000.00 DKK
  Expenses:Gifts  1000.00 DKK

2018-05-01 * "Fiol Optik" "Briller & kontaktlinser" #spiir
  spiir-id: "636607592584109897"
  Assets:Checking:Primary  -330.00 DKK
  Expenses:Health:Vision  330.00 DKK

2018-05-01 * "Tryg" "Indbo- & familieforsikring" #spiir
  spiir-id: "636607592584109898"
  Assets:Checking:Primary  -192.01 DKK
  Expenses:House:Contents-Insurance  192.01 DKK

2018-05-01 * "Tryg" "Indbo- & familieforsikring" #spiir
  spiir-id: "636607592584109899"
  Assets:Checking:Primary  -126.30 DKK
  Expenses:House:Contents-Insurance  126.30 DKK

2018-05-01 * "Fitness DK" "Sport & fritid" #spiir
  spiir-id: "636607592584109900"
  Assets:Checking:Primary  -338.75 DKK
  Expenses:Entertainment:Sports  338.75 DKK

2018-05-01 * "Dbkk" "Sport & fritid" #spiir
  spiir-id: "636607592584109901"
  Assets:Checking:Primary  -395.00 DKK
  Expenses:Entertainment:Sports  395.00 DKK

2018-05-01 * "MobilePay: Signe Poulsen" "Bar, cafe & restaurant" #spiir
  spiir-id: "636608375542717837"
  Assets:Checking:Primary  160.00 DKK
  Expenses:Food:Restaurant  -160.00 DKK

2018-05-01 * "MobilePay Wafa Y. Jarjis" "" #spiir
  spiir-id: "636608375542717838"
  Assets:Checking:Primary  -89.00 DKK
  Expenses:Uncategorized  89.00 DKK

2018-05-01 * "MobilePay SHA" "" #spiir
  spiir-id: "636608375542717839"
  Assets:Checking:Primary  -75.00 DKK
  Expenses:Uncategorized  75.00 DKK

2018-05-01 * "skat.dk" "Restskat" #spiir
  spiir-id: "636608375542717840"
  Assets:Checking:Primary  -55.00 DKK
  Expenses:Tax:Back-Tax  55.00 DKK

2018-05-02 * "MobilePay: Dessouky" "Fastfood & takeaway" #spiir
  spiir-id: "636609235108257894"
  Assets:Checking:Primary  35.00 DKK
  Expenses:Food:Takeaway  -35.00 DKK

2018-05-02 * "KUNST OG KØKKENTØJ" "Møbler & boligudstyr" #spiir
  spiir-id: "636609235108257895"
  Assets:Checking:Primary  -63.00 DKK
  Expenses:Shopping:Furniture  63.00 DKK

2018-05-02 * "SuperB Islands B" "Dagligvarer" #spiir
  spiir-id: "636609235108257896"
  Assets:Checking:Primary  -156.55 DKK
  Expenses:Food:Groceries  156.55 DKK

2018-05-03 * "VDK DKK 258,00" "" #spiir
  spiir-id: "636609235108257897"
  Assets:Checking:Primary  -258.00 DKK
  Expenses:Uncategorized  258.00 DKK

2018-05-03 * "ECCO Købmagergade" "Tøj, sko & accessories" #spiir
  spiir-id: "636610101663274048"
  Assets:Checking:Primary  -965.00 DKK
  Expenses:Shopping:Clothing  965.00 DKK

2018-05-03 * "fætterguf" "Kiosk, bager & specialbutikker" #spiir
  spiir-id: "636610101663274049"
  Assets:Checking:Primary  -29.00 DKK
  Expenses:Food:Kiosk  29.00 DKK

2018-05-04 * "MobilePay Zaggis" "Bar, cafe & restaurant" #spiir
  spiir-id: "636611047149999452"
  Assets:Checking:Primary  -15.00 DKK
  Expenses:Food:Restaurant  15.00 DKK

2018-05-05 * "Ida Ingeniørfore. i Danm" "Fagforening & a-kasse" #spiir
  spiir-id: "636612852967055570"
  Assets:Checking:Primary  -878.25 DKK
  Expenses:Insurance:Union  878.25 DKK

2018-05-05 * "k- cocktailbar" "Bar, cafe & restaurant" #spiir
  spiir-id: "636612852967055571"
  Assets:Checking:Primary  -270.00 DKK
  Expenses:Food:Restaurant  270.00 DKK

2018-05-05 * "Falafel-House 2012" "Bar, cafe & restaurant" #spiir
  spiir-id: "636612852967055572"
  Assets:Checking:Primary  -42.00 DKK
  Expenses:Food:Restaurant  42.00 DKK

2018-05-06 * "7-Eleven butik 22" "Kiosk, bager & specialbutikker" #spiir
  spiir-id: "636612852967055573"
  Assets:Checking:Primary  -20.00 DKK
  Expenses:Food:Kiosk  20.00 DKK

2018-05-06 * "Netto 410" "Dagligvarer" #spiir
  spiir-id: "636612852967055574"
  Assets:Checking:Primary  -25.00 DKK
  Expenses:Food:Groceries  25.00 DKK

2018-05-06 * "SuperB Nørrebrogad" "Dagligvarer" #spiir
  spiir-id: "636612852967055575"
  Assets:Checking:Primary  -136.15 DKK
  Expenses:Food:Groceries  136.15 DKK

2018-05-06 * "Fakta 324" "Dagligvarer" #spiir
  spiir-id: "636612852967055576"
  Assets:Checking:Primary  -59.35 DKK
  Expenses:Food:Groceries  59.35 DKK

2018-05-06 * "Ticketmaster DK" "Biograf, koncerter & forlystelser" #spiir
  spiir-id: "636612852967055577"
  Assets:Checking:Primary  -1079.65 DKK
  Expenses:Entertainment:Events  1079.65 DKK

2018-05-07 * "SuperB Nørrebrogad" "Dagligvarer" #spiir
  spiir-id: "636613754737748712"
  Assets:Checking:Primary  -60.70 DKK
  Expenses:Food:Groceries  60.70 DKK

2018-05-08 * "Udk Studiegæld" "Studielån" #spiir
  spiir-id: "636613754737748713"
  Assets:Checking:Primary  -270.45 DKK
  Expenses:Loans:Student  270.45 DKK

2018-05-08 * "VDK USD 8,69" "Online services & software" #spiir
  spiir-id: "636613754737748714"
  Assets:Checking:Primary  -55.44 DKK
  Expenses:Subscriptions:Software  55.44 DKK

2018-05-08 * "VDK USD 17,38" "Online services & software" #spiir
  spiir-id: "636613754737748715"
  Assets:Checking:Primary  -110.87 DKK
  Expenses:Subscriptions:Software  110.87 DKK

2018-05-08 * "MobilePay Zaggis" "Bar, cafe & restaurant" #spiir
  spiir-id: "636613754737748716"
  Assets:Checking:Primary  -15.00 DKK
  Expenses:Food:Restaurant  15.00 DKK

2018-05-08 * "TAFFELBAY" "Kiosk, bager & specialbutikker" #spiir
  spiir-id: "636613754737748717"
  Assets:Checking:Primary  -60.00 DKK
  Expenses:Food:Kiosk  60.00 DKK

2018-05-08 * "PhotoCare KBH-K" "Offentligt gebyr" #spiir
  spiir-id: "636613754737748718"
  Assets:Checking:Primary  -99.00 DKK
  Expenses:Tax:Fees  99.00 DKK

2018-05-08 * "MobilePay: Jørn Schou-Rode" "Bar, cafe & restaurant" #spiir
  spiir-id: "636614494436804273"
  Assets:Checking:Primary  40.00 DKK
  Expenses:Food:Restaurant  -40.00 DKK

2018-05-08 * "THE COFFEE COLLECT" "Bar, cafe & restaurant" #spiir
  spiir-id: "636614494436804274"
  Assets:Checking:Primary  -80.00 DKK
  Expenses:Food:Restaurant  80.00 DKK

2018-05-08 * "Pizzaria L'Aquila" "Fastfood & takeaway" #spiir
  spiir-id: "636614494436804275"
  Assets:Checking:Primary  -30.00 DKK
  Expenses:Food:Takeaway  30.00 DKK

2018-05-08 * "SuperB Nørrebrogad" "Dagligvarer" #spiir
  spiir-id: "636614494436804276"
  Assets:Checking:Primary  -216.30 DKK
  Expenses:Food:Groceries  216.30 DKK

2018-05-09 * "Københavns Hovedbi" "Offentligt gebyr" #spiir
  spiir-id: "636615419883464686"
  Assets:Checking:Primary  -722.00 DKK
  Expenses:Tax:Fees  722.00 DKK

2018-05-10 * "ALHODA HALAL SLAGT" "Dagligvarer" #spiir
  spiir-id: "636618949450578639"
  Assets:Checking:Primary  -202.00 DKK
  Expenses:Food:Groceries  202.00 DKK

2018-05-11 * "MobilePay: Daniel Grant" "Bar, cafe & restaurant" #spiir
  spiir-id: "636617001885374884"
  Assets:Checking:Primary  135.00 DKK
  Expenses:Food:Restaurant  -135.00 DKK

2018-05-11 * "Dry & Bitter ApS" "Bar, cafe & restaurant" #spiir
  spiir-id: "636618949450578640"
  Assets:Checking:Primary  -180.00 DKK
  Expenses:Food:Restaurant  180.00 DKK

2018-05-11 * "Netto Landemærket" "Dagligvarer" #spiir
  spiir-id: "636618949450578641"
  Assets:Checking:Primary  -14.95 DKK
  Expenses:Food:Groceries  14.95 DKK

2018-05-11 * "SuperB Nørrebrogad" "Dagligvarer" #spiir
  spiir-id: "636618949450578642"
  Assets:Checking:Primary  -263.45 DKK
  Expenses:Food:Groceries  263.45 DKK

2018-05-12 * "fætterguf" "Kiosk, bager & specialbutikker" #spiir
  spiir-id: "636618949450578643"
  Assets:Checking:Primary  -24.00 DKK
  Expenses:Food:Kiosk  24.00 DKK

2018-05-12 * "McKorman" "Tøj, sko & accessories" #spiir
  spiir-id: "636618949450578644"
  Assets:Checking:Primary  -174.50 DKK
  Expenses:Shopping:Clothing  174.50 DKK

2018-05-13 * "MobilePay Pernille Livbjerg" "" #spiir
  spiir-id: "636618949450578638"
  Assets:Checking:Primary  -194.00 DKK
  Expenses:Uncategorized  194.00 DKK

2018-05-13 * "HIND MARKED" "Dagligvarer" #spiir
  spiir-id: "636618949450578645"
  Assets:Checking:Primary  -35.00 DKK
  Expenses:Food:Groceries  35.00 DKK

2018-05-13 * "SuperB Nørrebrogad" "Dagligvarer" #spiir
  spiir-id: "636618949450578646"
  Assets:Checking:Primary  -128.98 DKK
  Expenses:Food:Groceries  128.98 DKK

2018-05-13 * "MAUI" "Bar, cafe & restaurant" #spiir
  spiir-id: "636618949450578647"
  Assets:Checking:Primary  -280.00 DKK
  Expenses:Food:Restaurant  280.00 DKK

2018-05-13 * "Fakta 324" "Dagligvarer" #spiir
  spiir-id: "636618949450578648"
  Assets:Checking:Primary  -28.00 DKK
  Expenses:Food:Groceries  28.00 DKK

2018-05-14 * "Brus ApS" "Tøj, sko & accessories" #spiir
  spiir-id: "636618949450578649"
  Assets:Checking:Primary  -95.00 DKK
  Expenses:Shopping:Clothing  95.00 DKK

2018-05-14 * "Brus ApS" "Tøj, sko & accessories" #spiir
  spiir-id: "636618949450578650"
  Assets:Checking:Primary  -105.00 DKK
  Expenses:Shopping:Clothing  105.00 DKK

2018-05-14 * "7-Eleven butik 22" "Kiosk, bager & specialbutikker" #spiir
  spiir-id: "636618949450578651"
  Assets:Checking:Primary  -34.95 DKK
  Expenses:Food:Kiosk  34.95 DKK

2018-05-14 * "SuperB Nørrebrogad" "Dagligvarer" #spiir
  spiir-id: "636619758152001397"
  Assets:Checking:Primary  -5.95 DKK
  Expenses:Food:Groceries  5.95 DKK

2018-05-14 * "HIND MARKED" "Dagligvarer" #spiir
  spiir-id: "636619758152001398"
  Assets:Checking:Primary  -25.00 DKK
  Expenses:Food:Groceries  25.00 DKK

2018-05-15 * "VDK USD 17,19" "Film, musik & læsestof" #spiir
  spiir-id: "636619758152001399"
  Assets:Checking:Primary  -109.84 DKK
  Expenses:Entertainment:Media  109.84 DKK

2018-05-15 * "VDK DKK 41,00" "" #spiir
  spiir-id: "636619758152001400"
  Assets:Checking:Primary  -41.00 DKK
  Expenses:Uncategorized  41.00 DKK

2018-05-15 * "VDK DKK 40,00" "Bar, cafe & restaurant" #spiir
  spiir-id: "636619758152001401"
  Assets:Checking:Primary  -40.00 DKK
  Expenses:Food:Restaurant  40.00 DKK

2018-05-15 * "VDK DKK 275,00" "" #spiir
  spiir-id: "636619758152001402"
  Assets:Checking:Primary  -275.00 DKK
  Expenses:Uncategorized  275.00 DKK

2018-05-15 * "VDK DKK 20,00" "Film, musik & læsestof" #spiir
  spiir-id: "636619758152001403"
  Assets:Checking:Primary  -20.00 DKK
  Expenses:Entertainment:Media  20.00 DKK

2018-05-15 * "VDK DKK 120,00" "" #spiir
  spiir-id: "636619758152001404"
  Assets:Checking:Primary  -120.00 DKK
  Expenses:Uncategorized  120.00 DKK

2018-05-15 * "VDK DKK 52,00" "Film, musik & læsestof" #spiir
  spiir-id: "636619758152001405"
  Assets:Checking:Primary  -52.00 DKK
  Expenses:Entertainment:Media  52.00 DKK

2018-05-15 * "VDK DKK 30,00" "Ferieaktiviteter" #spiir
  spiir-id: "636619758152001406"
  Assets:Checking:Primary  -30.00 DKK
  Expenses:Travel:Activities  30.00 DKK

2018-05-15 * "VDK DKK 50,00" "Ferieaktiviteter" #spiir
  spiir-id: "636619758152001407"
  Assets:Checking:Primary  -50.00 DKK
  Expenses:Travel:Activities  50.00 DKK

2018-05-15 * "VDK DKK 40,00" "Bar, cafe & restaurant" #spiir
  spiir-id: "636619758152001408"
  Assets:Checking:Primary  -40.00 DKK
  Expenses:Food:Restaurant  40.00 DKK

2018-05-15 * "VDK DKK 50,00" "Ferieaktiviteter" #spiir
  spiir-id: "636619758152001409"
  Assets:Checking:Primary  -50.00 DKK
  Expenses:Travel:Activities  50.00 DKK

2018-05-15 * "VDK DKK 40,00" "Bar, cafe & restaurant" #spiir
  spiir-id: "636619758152001410"
  Assets:Checking:Primary  -40.00 DKK
  Expenses:Food:Restaurant  40.00 DKK

2018-05-15 * "VDK DKK 60,00" "Fastfood & takeaway" #spiir
  spiir-id: "636619758152001411"
  Assets:Checking:Primary  -60.00 DKK
  Expenses:Food:Takeaway  60.00 DKK

2018-05-15 * "VDK DKK 62,00" "Film, musik & læsestof" #spiir
  spiir-id: "636619758152001412"
  Assets:Checking:Primary  -62.00 DKK
  Expenses:Entertainment:Media  62.00 DKK

2018-05-15 * "VDK DKK 40,00" "Bar, cafe & restaurant" #spiir
  spiir-id: "636619758152001413"
  Assets:Checking:Primary  -40.00 DKK
  Expenses:Food:Restaurant  40.00 DKK

2018-05-15 * "VDK DKK 40,00" "Bar, cafe & restaurant" #spiir
  spiir-id: "636619758152001414"
  Assets:Checking:Primary  -40.00 DKK
  Expenses:Food:Restaurant  40.00 DKK

2018-05-15 * "VDK DKK 26,00" "Film, musik & læsestof" #spiir
  spiir-id: "636619758152001415"
  Assets:Checking:Primary  -26.00 DKK
  Expenses:Entertainment:Media  26.00 DKK

2018-05-15 * "VDK DKK 99,00" "Film, musik & læsestof" #spiir
  spiir-id: "636619758152001416"
  Assets:Checking:Primary  -99.00 DKK
  Expenses:Entertainment:Media  99.00 DKK

2018-05-15 * "MobilePay Zaggis" "Bar, cafe & restaurant" #spiir
  spiir-id: "636619758152001417"
  Assets:Checking:Primary  -15.00 DKK
  Expenses:Food:Restaurant  15.00 DKK

2018-05-16 * "VDK DKK 516,00" "Tøj, sko & accessories" #spiir
  spiir-id: "636620590450961578"
  Assets:Checking:Primary  -516.00 DKK
  Expenses:Shopping:Clothing  516.00 DKK

2018-05-17 * "VDK SEK 216,00" "Ferieaktiviteter" #spiir
  spiir-id: "636621351059618380"
  Assets:Checking:Primary  -159.10 DKK
  Expenses:Travel:Activities  159.10 DKK

2018-05-17 * "VDK SEK 23,00" "Ferieaktiviteter" #spiir
  spiir-id: "636621351059618381"
  Assets:Checking:Primary  -16.94 DKK
  Expenses:Travel:Activities  16.94 DKK

2018-05-17 * "VDK SEK 194,00" "Ferieaktiviteter" #spiir
  spiir-id: "636621351059618382"
  Assets:Checking:Primary  -142.89 DKK
  Expenses:Travel:Activities  142.89 DKK

2018-05-17 * "VDK SEK 2822,00" "Hobby & sportsudstyr" #spiir
  spiir-id: "636621351059618383"
  Assets:Checking:Primary  -2078.61 DKK
  Expenses:Shopping:Sports  2078.61 DKK

2018-05-17 * "MobilePay: Angela Timofte" "Bar, cafe & restaurant" #spiir
  spiir-id: "636621496773655130"
  Assets:Checking:Primary  71.00 DKK
  Expenses:Food:Restaurant  -71.00 DKK

2018-05-18 * "VDK SEK 24,50" "" #spiir
  spiir-id: "636622346358503166"
  Assets:Checking:Primary  -18.06 DKK
  Expenses:Uncategorized  18.06 DKK

2018-05-18 * "VDK SEK 44,00" "Ferieaktiviteter" #spiir
  spiir-id: "636622346358503167"
  Assets:Checking:Primary  -32.42 DKK
  Expenses:Travel:Activities  32.42 DKK

2018-05-18 * "MobilePay Zaggis" "" #spiir
  spiir-id: "636622346358503168"
  Assets:Checking:Primary  -30.00 DKK
  Expenses:Uncategorized  30.00 DKK

2018-05-18 * "SuperB Nørrebrogad" "Dagligvarer" #spiir
  spiir-id: "636623168957505059"
  Assets:Checking:Primary  -118.90 DKK
  Expenses:Food:Groceries  118.90 DKK

2018-05-19 * "MobilePay NXØ Brewery - Vandkefirperler" "" #spiir
  spiir-id: "636623954163169283"
  Assets:Checking:Primary  -80.00 DKK
  Expenses:Uncategorized  80.00 DKK

2018-05-19 * "MobilePay To Gents IVS" "" #spiir
  spiir-id: "636623954163169284"
  Assets:Checking:Primary  -50.00 DKK
  Expenses:Uncategorized  50.00 DKK

2018-05-19 * "VDK DKK 104,78" "" #spiir
  spiir-id: "636625768674289665"
  Assets:Checking:Primary  -104.78 DKK
  Expenses:Uncategorized  104.78 DKK

2018-05-19 * "VDK DKK 70,00" "Ferieaktiviteter" #spiir
  spiir-id: "636625768674289666"
  Assets:Checking:Primary  -70.00 DKK
  Expenses:Travel:Activities  70.00 DKK

2018-05-19 * "FINDERSKEEPERS" "Møbler & boligudstyr" #spiir
  spiir-id: "636625768674289667"
  Assets:Checking:Primary  -50.00 DKK
  Expenses:Shopping:Furniture  50.00 DKK

2018-05-20 * "MobilePay Aeiat Marked" "" #spiir
  spiir-id: "636624799330379439"
  Assets:Checking:Primary  -12.00 DKK
  Expenses:Uncategorized  12.00 DKK

2018-05-20 * "Mexican Ranger ApS" "Fastfood & takeaway" #spiir
  spiir-id: "636625768674289668"
  Assets:Checking:Primary  -110.00 DKK
  Expenses:Food:Takeaway  110.00 DKK

2018-05-20 * "JAFA GRØNT FRUGT" "Dagligvarer" #spiir
  spiir-id: "636625768674289669"
  Assets:Checking:Primary  -20.00 DKK
  Expenses:Food:Groceries  20.00 DKK

2018-05-21 * "REFFEN" "Bar, cafe & restaurant" #spiir
  spiir-id: "636625768674289670"
  Assets:Checking:Primary  -40.00 DKK
  Expenses:Food:Restaurant  40.00 DKK

2018-05-22 * "MobilePay Zaggis" "" #spiir
  spiir-id: "636625768674289671"
  Assets:Checking:Primary  -15.00 DKK
  Expenses:Uncategorized  15.00 DKK

2018-05-22 * "MobilePay: Toby Moore" "Biograf, koncerter & forlystelser" #spiir
  spiir-id: "636626628681498258"
  Assets:Checking:Primary  550.00 DKK
  Expenses:Entertainment:Events  -550.00 DKK

2018-05-22 * "DR" "TV & streaming" #spiir
  spiir-id: "636626628681498259"
  Assets:Checking:Primary  -20.00 DKK
  Expenses:Subscriptions:Streaming  20.00 DKK

2018-05-22 * "DR" "TV & streaming" #spiir
  spiir-id: "636626628681498260"
  Assets:Checking:Primary  -80.00 DKK
  Expenses:Subscriptions:Streaming  80.00 DKK

2018-05-22 * "Bootleggers" "Bar, cafe & restaurant" #spiir
  spiir-id: "636626628681498261"
  Assets:Checking:Primary  -40.00 DKK
  Expenses:Food:Restaurant  40.00 DKK

2018-05-23 * "Bootleggers" "Bar, cafe & restaurant" #spiir
  spiir-id: "636626628681498262"
  Assets:Checking:Primary  -95.00 DKK
  Expenses:Food:Restaurant  95.00 DKK

2018-05-23 * "McDonald´s Nørrevo" "Fastfood & takeaway" #spiir
  spiir-id: "636626628681498263"
  Assets:Checking:Primary  -29.00 DKK
  Expenses:Food:Takeaway  29.00 DKK

2018-05-23 * "VDK DKK 34,00" "Bar, cafe & restaurant" #spiir
  spiir-id: "636626628681498264"
  Assets:Checking:Primary  -34.00 DKK
  Expenses:Food:Restaurant  34.00 DKK

2018-05-23 * "VDK DKK 166,00" "Film, musik & læsestof" #spiir
  spiir-id: "636626628681498265"
  Assets:Checking:Primary  -166.00 DKK
  Expenses:Entertainment:Media  166.00 DKK

2018-05-23 * "VDK SEK 49,00" "Ferieaktiviteter" #spiir
  spiir-id: "636626628681498266"
  Assets:Checking:Primary  -36.01 DKK
  Expenses:Travel:Activities  36.01 DKK

2018-05-23 * "VDK DKK 30,00" "Ferieaktiviteter" #spiir
  spiir-id: "636626628681498267"
  Assets:Checking:Primary  -30.00 DKK
  Expenses:Travel:Activities  30.00 DKK

2018-05-23 * "VDK DKK 49,00" "Ferieaktiviteter" #spiir
  spiir-id: "636626628681498268"
  Assets:Checking:Primary  -49.00 DKK
  Expenses:Travel:Activities  49.00 DKK

2018-05-23 * "VDK DKK 42,50" "" #spiir
  spiir-id: "636626628681498269"
  Assets:Checking:Primary  -42.50 DKK
  Expenses:Uncategorized  42.50 DKK

2018-05-23 * "MobilePay Jan Dalsgaard" "" #spiir
  spiir-id: "636627466356670712"
  Assets:Checking:Primary  -200.00 DKK
  Expenses:Uncategorized  200.00 DKK

2018-05-23 * "SuperB Nørrebrogad" "Dagligvarer" #spiir
  spiir-id: "636627466356670713"
  Assets:Checking:Primary  -112.80 DKK
  Expenses:Food:Groceries  112.80 DKK

2018-05-24 * "MobilePay Zaggis" "" #spiir
  spiir-id: "636627466356670714"
  Assets:Checking:Primary  -15.00 DKK
  Expenses:Uncategorized  15.00 DKK

2018-05-24 * "MobilePay WeShare" "" #spiir
  spiir-id: "636628397777511609"
  Assets:Checking:Primary  -234.75 DKK
  Expenses:Uncategorized  234.75 DKK

2018-05-24 * "Rejsekort - DSB" "Bus, tog, færge o.l." #spiir
  spiir-id: "636628397777511610"
  Assets:Checking:Primary  -300.00 DKK
  Expenses:Transport:Public  300.00 DKK

2018-05-24 * "THE COFFEE COLLECT" "Bar, cafe & restaurant" #spiir
  spiir-id: "636628397777511611"
  Assets:Checking:Primary  -40.00 DKK
  Expenses:Food:Restaurant  40.00 DKK

2018-05-24 * "MobilePay Frisør Hans" "" #spiir
  spiir-id: "636628397777511612"
  Assets:Checking:Primary  -180.00 DKK
  Expenses:Uncategorized  180.00 DKK

2018-05-24 * "Tina Hvidtfeldt-Bøjl" "" #spiir
  spiir-id: "636628397777511613"
  Assets:Checking:Primary  -336.36 DKK
  Expenses:Uncategorized  336.36 DKK

2018-05-24 * "Fakta 324" "Dagligvarer" #spiir
  spiir-id: "636628397777511614"
  Assets:Checking:Primary  -68.40 DKK
  Expenses:Food:Groceries  68.40 DKK

2018-05-25 * "Bakaliko-Greek-Del" "Bar, cafe & restaurant" #spiir
  spiir-id: "636630847185846642"
  Assets:Checking:Primary  -287.00 DKK
  Expenses:Food:Restaurant  287.00 DKK

2018-05-26 * "VDK DKK 15,00" "" #spiir
  spiir-id: "636630847185846643"
  Assets:Checking:Primary  -15.00 DKK
  Expenses:Uncategorized  15.00 DKK

2018-05-26 * "VDK USD 7,00" "Online services & software" #spiir
  spiir-id: "636630847185846644"
  Assets:Checking:Primary  -45.49 DKK
  Expenses:Subscriptions:Software  45.49 DKK

2018-05-26 * "ALHODA HALAL SLAGT" "Dagligvarer" #spiir
  spiir-id: "636630847185846645"
  Assets:Checking:Primary  -285.00 DKK
  Expenses:Food:Groceries  285.00 DKK

2018-05-26 * "HIND MARKED" "Dagligvarer" #spiir
  spiir-id: "636630847185846646"
  Assets:Checking:Primary  -54.00 DKK
  Expenses:Food:Groceries  54.00 DKK

2018-05-26 * "SuperB Nørrebrogad" "Dagligvarer" #spiir
  spiir-id: "636630847185846647"
  Assets:Checking:Primary  -165.20 DKK
  Expenses:Food:Groceries  165.20 DKK

2018-05-26 * "HIND MARKED" "Dagligvarer" #spiir
  spiir-id: "636630847185846648"
  Assets:Checking:Primary  -33.00 DKK
  Expenses:Food:Groceries  33.00 DKK

2018-05-26 * "Konfekture Kiosk" "Kiosk, bager & specialbutikker" #spiir
  spiir-id: "636630847185846649"
  Assets:Checking:Primary  -48.00 DKK
  Expenses:Food:Kiosk  48.00 DKK

2018-05-27 * "MobilePay Zaggis" "" #spiir
  spiir-id: "636630847185846641"
  Assets:Checking:Primary  -15.00 DKK
  Expenses:Uncategorized  15.00 DKK

2018-05-28 * "MobilePay Zaggis" "" #spiir
  spiir-id: "636631823249324037"
  Assets:Checking:Primary  -15.00 DKK
  Expenses:Uncategorized  15.00 DKK

2018-05-29 * "Den Grønlandske Ha" "Bar, cafe & restaurant" #spiir
  spiir-id: "636631823249324038"
  Assets:Checking:Primary  -115.00 DKK
  Expenses:Food:Restaurant  115.00 DKK

2018-05-29 * "VDK DKK 260,00" "" #spiir
  spiir-id: "636631823249324039"
  Assets:Checking:Primary  -260.00 DKK
  Expenses:Uncategorized  260.00 DKK

2018-05-29 * "VDK DKK 65,00" "" #spiir
  spiir-id: "636631823249324040"
  Assets:Checking:Primary  -65.00 DKK
  Expenses:Uncategorized  65.00 DKK

2018-05-29 * "Mikropolis Venders" "Bar, cafe & restaurant" #spiir
  spiir-id: "636632556364743476"
  Assets:Checking:Primary  -115.00 DKK
  Expenses:Food:Restaurant  115.00 DKK

2018-05-29 * "MobilePay: Dessouky" "" #spiir
  spiir-id: "636632556364743477"
  Assets:Checking:Primary  100.00 DKK
  Expenses:Uncategorized  -100.00 DKK

2018-05-29 * "Konfekture Kiosk" "Kiosk, bager & specialbutikker" #spiir
  spiir-id: "636632556364743478"
  Assets:Checking:Primary  -55.00 DKK
  Expenses:Food:Kiosk  55.00 DKK

2018-05-29 * "Overførsel" "" #spiir
  spiir-id: "636632556364743479"
  Assets:Checking:Primary  -150.00 DKK
  Expenses:Uncategorized  150.00 DKK

2018-05-29 * "Netto 410" "Dagligvarer" #spiir
  spiir-id: "636632556364743480"
  Assets:Checking:Primary  -28.95 DKK
  Expenses:Food:Groceries  28.95 DKK

2018-05-30 * "MobilePay Zaggis" "" #spiir
  spiir-id: "636633534171660661"
  Assets:Checking:Primary  -15.00 DKK
  Expenses:Uncategorized  15.00 DKK

2018-05-30 * "Netto Havnestaden" "Dagligvarer" #spiir
  spiir-id: "636633534171660662"
  Assets:Checking:Primary  -45.00 DKK
  Expenses:Food:Groceries  45.00 DKK

2018-05-30 * "Lønoverførsel" "Løn" #spiir
  spiir-id: "636633534171660663"
  Assets:Checking:Primary  26809.77 DKK
  Income:Salary  -26809.77 DKK

2018-05-31 * "VDK DKK 36,20" "" #spiir
  spiir-id: "636633534171660664"
  Assets:Checking:Primary  -36.20 DKK
  Expenses:Uncategorized  36.20 DKK

2018-05-31 * "Fælledvej 1 husleje" "Boliglån/husleje" #spiir
  spiir-id: "636633534171660665"
  Assets:Checking:Primary  -6296.00 DKK
  Expenses:House:Mortgage  6296.00 DKK

2018-05-31 * "MobilePay: Jan Dalsgaard" "" #spiir
  spiir-id: "636633534171660666"
  Assets:Checking:Primary  200.00 DKK
  Expenses:Uncategorized  -200.00 DKK

2018-05-31 * "MobilePay Zaggis" "" #spiir
  spiir-id: "636633534171660667"
  Assets:Checking:Primary  -15.00 DKK
  Expenses:Uncategorized  15.00 DKK

2018-05-31 * "Vinhanen S.M.B.A" "Bar, cafe & restaurant" #spiir
  spiir-id: "636634355507448328"
  Assets:Checking:Primary  -103.00 DKK
  Expenses:Food:Restaurant  103.00 DKK

2018-05-31 * "HIND MARKED" "Dagligvarer" #spiir
  spiir-id: "636634355507448329"
  Assets:Checking:Primary  -47.00 DKK
  Expenses:Food:Groceries  47.00 DKK

2018-05-31 * "Kft 1 ApS" "Dagligvarer" #spiir
  spiir-id: "636634355507448330"
  Assets:Checking:Primary  -19.98 DKK
  Expenses:Food:Groceries  19.98 DKK

2018-05-31 * "3´s Kortbetaling" "Telefoni & internet" #spiir
  spiir-id: "636634355507448331"
  Assets:Checking:Primary  -130.00 DKK
  Expenses:Subscriptions:Telecom  130.00 DKK

2018-06-01 * "Far" "Gaver & velgørenhed" #spiir
  spiir-id: "636634355507448332"
  Assets:Checking:Primary  -1000.00 DKK
  Expenses:Gifts  1000.00 DKK

2018-06-01 * "Fiol Optik" "Briller & kontaktlinser" #spiir
  spiir-id: "636634355507448333"
  Assets:Checking:Primary  -330.00 DKK
  Expenses:Health:Vision  330.00 DKK

2018-06-01 * "Fitness DK" "Sport & fritid" #spiir
  spiir-id: "636634355507448334"
  Assets:Checking:Primary  -338.75 DKK
  Expenses:Entertainment:Sports  338.75 DKK

2018-06-01 * "Dbkk" "Sport & fritid" #spiir
  spiir-id: "636634355507448335"
  Assets:Checking:Primary  -395.00 DKK
  Expenses:Entertainment:Sports  395.00 DKK

2018-06-01 * "MobilePay Zaggis" "" #spiir
  spiir-id: "636634355507448336"
  Assets:Checking:Primary  -15.00 DKK
  Expenses:Uncategorized  15.00 DKK

2018-06-01 * "Vinhanen S.M.B.A" "Bar, cafe & restaurant" #spiir
  spiir-id: "636635194998924116"
  Assets:Checking:Primary  -115.00 DKK
  Expenses:Food:Restaurant  115.00 DKK

2018-06-01 * "ALHODA HALAL SLAGT" "Dagligvarer" #spiir
  spiir-id: "636635194998924117"
  Assets:Checking:Primary  -75.00 DKK
  Expenses:Food:Groceries  75.00 DKK

2018-06-02 * "MobilePay Zaggis" "" #spiir
  spiir-id: "636636004434417042"
  Assets:Checking:Primary  -15.00 DKK
  Expenses:Uncategorized  15.00 DKK

2018-06-02 * "Netto Nørrevold" "Dagligvarer" #spiir
  spiir-id: "636636975638203650"
  Assets:Checking:Primary  -240.95 DKK
  Expenses:Food:Groceries  240.95 DKK

2018-06-02 * "Irma Nørre Voldg" "Dagligvarer" #spiir
  spiir-id: "636636975638203651"
  Assets:Checking:Primary  -520.10 DKK
  Expenses:Food:Groceries  520.10 DKK

2018-06-03 * "MobilePay Zaggis" "" #spiir
  spiir-id: "636636975638203649"
  Assets:Checking:Primary  -15.00 DKK
  Expenses:Uncategorized  15.00 DKK

2018-06-04 * "SuperB Nørrebrogad" "Dagligvarer" #spiir
  spiir-id: "636638825922692555"
  Assets:Checking:Primary  -35.57 DKK
  Expenses:Food:Groceries  35.57 DKK

2018-06-05 * "Sportscafeen v/Lar" "Bar, cafe & restaurant" #spiir
  spiir-id: "636638825922692556"
  Assets:Checking:Primary  -15.00 DKK
  Expenses:Food:Restaurant  15.00 DKK

2018-06-05 * "Sportscafeen v/Lar" "Bar, cafe & restaurant" #spiir
  spiir-id: "636638825922692557"
  Assets:Checking:Primary  -60.00 DKK
  Expenses:Food:Restaurant  60.00 DKK

2018-06-05 * "VDK DKK 235,00" "Online services & software" #spiir
  spiir-id: "636638825922692558"
  Assets:Checking:Primary  -235.00 DKK
  Expenses:Subscriptions:Software  235.00 DKK

2018-06-05 * "VDK DKK 52,00" "Film, musik & læsestof" #spiir
  spiir-id: "636638825922692559"
  Assets:Checking:Primary  -52.00 DKK
  Expenses:Entertainment:Media  52.00 DKK

2018-06-05 * "VDK DKK 97,15" "" #spiir
  spiir-id: "636638825922692560"
  Assets:Checking:Primary  -97.15 DKK
  Expenses:Uncategorized  97.15 DKK

2018-06-05 * "HIND MARKED" "Dagligvarer" #spiir
  spiir-id: "636638825922692561"
  Assets:Checking:Primary  -25.00 DKK
  Expenses:Food:Groceries  25.00 DKK

2018-06-06 * "MobilePay Rolf Thunbo" "" #spiir
  spiir-id: "636638825922692562"
  Assets:Checking:Primary  -90.00 DKK
  Expenses:Uncategorized  90.00 DKK

2018-06-06 * "MobilePay Zaggis" "" #spiir
  spiir-id: "636638825922692563"
  Assets:Checking:Primary  -15.00 DKK
  Expenses:Uncategorized  15.00 DKK

2018-06-06 * "WeShare: Duuuudes" "Biograf, koncerter & forlystelser" #spiir
  spiir-id: "636639654424611345"
  Assets:Checking:Primary  237.03 DKK
  Expenses:Entertainment:Events  -237.03 DKK

2018-06-06 * "WeShare: Duuuudes" "Biograf, koncerter & forlystelser" #spiir
  spiir-id: "636639654424611346"
  Assets:Checking:Primary  29.14 DKK
  Expenses:Entertainment:Events  -29.14 DKK

2018-06-06 * "WeShare: Duuuudes" "Biograf, koncerter & forlystelser" #spiir
  spiir-id: "636639654424611347"
  Assets:Checking:Primary  160.16 DKK
  Expenses:Entertainment:Events  -160.16 DKK

2018-06-06 * "MobilePay: Jasper Arildslund" "" #spiir
  spiir-id: "636639654424611348"
  Assets:Checking:Primary  30.00 DKK
  Expenses:Uncategorized  -30.00 DKK

2018-06-07 * "VDK DKK 50,00" "Ferieaktiviteter" #spiir
  spiir-id: "636639654424611349"
  Assets:Checking:Primary  50.00 DKK
  Expenses:Travel:Activities  -50.00 DKK

2018-06-07 * "VDK DKK 97,30" "" #spiir
  spiir-id: "636639654424611350"
  Assets:Checking:Primary  -97.30 DKK
  Expenses:Uncategorized  97.30 DKK

2018-06-07 * "VDK DKK 50,00" "Ferieaktiviteter" #spiir
  spiir-id: "636639654424611351"
  Assets:Checking:Primary  50.00 DKK
  Expenses:Travel:Activities  -50.00 DKK

2018-06-07 * "Dansk Bjergklub" "Bar, cafe & restaurant" #spiir
  spiir-id: "636639654424611352"
  Assets:Checking:Primary  -25.00 DKK
  Expenses:Food:Restaurant  25.00 DKK

2018-06-07 * "The Body Shop Købm" "Frisør & personlig pleje" #spiir
  spiir-id: "636640329117461562"
  Assets:Checking:Primary  -280.00 DKK
  Expenses:Shopping:Personal-Care  280.00 DKK

2018-06-08 * "MobilePay Zaggis" "" #spiir
  spiir-id: "636641207062625284"
  Assets:Checking:Primary  -15.00 DKK
  Expenses:Uncategorized  15.00 DKK

2018-06-08 * "SuperB Nørrebrogad" "Dagligvarer" #spiir
  spiir-id: "636641207062625285"
  Assets:Checking:Primary  -146.31 DKK
  Expenses:Food:Groceries  146.31 DKK

2018-06-09 * "Nørrebro Apotek v/" "Apotek & medicin" #spiir
  spiir-id: "636643014099481290"
  Assets:Checking:Primary  -224.00 DKK
  Expenses:Health:Pharmacy  224.00 DKK

2018-06-09 * "NATUR OG SUNDHED" "Dagligvarer" #spiir
  spiir-id: "636643014099481291"
  Assets:Checking:Primary  -136.25 DKK
  Expenses:Food:Groceries  136.25 DKK

2018-06-10 * "WeShare: Duuuudes" "Biograf, koncerter & forlystelser" #spiir
  spiir-id: "636643014099481288"
  Assets:Checking:Primary  7.45 DKK
  Expenses:Entertainment:Events  -7.45 DKK

2018-06-10 * "WeShare: Duuuudes" "Biograf, koncerter & forlystelser" #spiir
  spiir-id: "636643014099481289"
  Assets:Checking:Primary  7.44 DKK
  Expenses:Entertainment:Events  -7.44 DKK

2018-06-10 * "KIHOSKH A/S" "Kiosk, bager & specialbutikker" #spiir
  spiir-id: "636643014099481292"
  Assets:Checking:Primary  -68.00 DKK
  Expenses:Food:Kiosk  68.00 DKK

2018-06-12 * "BonusTryghedsGruppen" "Indbo- & familieforsikring" #spiir
  spiir-id: "636644026230631380"
  Assets:Checking:Primary  117.60 DKK
  Expenses:House:Contents-Insurance  -117.60 DKK

2018-06-12 * "MobilePay Zaggis" "" #spiir
  spiir-id: "636644026230631381"
  Assets:Checking:Primary  -15.00 DKK
  Expenses:Uncategorized  15.00 DKK

2018-06-12 * "HIND MARKED" "Dagligvarer" #spiir
  spiir-id: "636644702875810881"
  Assets:Checking:Primary  -48.00 DKK
  Expenses:Food:Groceries  48.00 DKK

2018-06-13 * "VDK DKK 42,50" "" #spiir
  spiir-id: "636644702875810882"
  Assets:Checking:Primary  -42.50 DKK
  Expenses:Uncategorized  42.50 DKK

2018-06-13 * "MobilePay Zaggis" "" #spiir
  spiir-id: "636644702875810883"
  Assets:Checking:Primary  -15.00 DKK
  Expenses:Uncategorized  15.00 DKK

2018-06-14 * "VDK DKK 99,00" "Film, musik & læsestof" #spiir
  spiir-id: "636645532595151846"
  Assets:Checking:Primary  -99.00 DKK
  Expenses:Entertainment:Media  99.00 DKK

2018-06-14 * "VDK DKK 20,00" "Film, musik & læsestof" #spiir
  spiir-id: "636645532595151847"
  Assets:Checking:Primary  -20.00 DKK
  Expenses:Entertainment:Media  20.00 DKK

2018-06-14 * "MobilePay Milena Nikolova" "" #spiir
  spiir-id: "636646472008683219"
  Assets:Checking:Primary  -23.00 DKK
  Expenses:Uncategorized  23.00 DKK

2018-06-14 * "MobilePay: Dan Meakin" "" #spiir
  spiir-id: "636646472008683220"
  Assets:Checking:Primary  94.00 DKK
  Expenses:Uncategorized  -94.00 DKK

2018-06-14 * "Mikropolis Venders" "Bar, cafe & restaurant" #spiir
  spiir-id: "636646472008683221"
  Assets:Checking:Primary  -75.00 DKK
  Expenses:Food:Restaurant  75.00 DKK

2018-06-14 * "Pizzeria LA FIORI" "Fastfood & takeaway" #spiir
  spiir-id: "636646472008683222"
  Assets:Checking:Primary  -142.00 DKK
  Expenses:Food:Takeaway  142.00 DKK

2018-06-14 * "MobilePay Dan Meakin" "" #spiir
  spiir-id: "636646472008683223"
  Assets:Checking:Primary  -37.00 DKK
  Expenses:Uncategorized  37.00 DKK

2018-06-14 * "MobilePay Alise Korna" "" #spiir
  spiir-id: "636646472008683224"
  Assets:Checking:Primary  -50.00 DKK
  Expenses:Uncategorized  50.00 DKK

2018-06-14 * "Netto 410" "Dagligvarer" #spiir
  spiir-id: "636646472008683225"
  Assets:Checking:Primary  -134.85 DKK
  Expenses:Food:Groceries  134.85 DKK

2018-06-15 * "VDK USD 17,19" "Film, musik & læsestof" #spiir
  spiir-id: "636646472008683226"
  Assets:Checking:Primary  -111.39 DKK
  Expenses:Entertainment:Media  111.39 DKK

2018-06-15 * "MobilePay Zaggis" "" #spiir
  spiir-id: "636646472008683227"
  Assets:Checking:Primary  -15.00 DKK
  Expenses:Uncategorized  15.00 DKK

2018-06-15 * "7-Eleven B 027" "Kiosk, bager & specialbutikker" #spiir
  spiir-id: "636647281002354385"
  Assets:Checking:Primary  -71.90 DKK
  Expenses:Food:Kiosk  71.90 DKK

2018-06-15 * "Jysk D043" "Møbler & boligudstyr" #spiir
  spiir-id: "636647281002354386"
  Assets:Checking:Primary  -253.28 DKK
  Expenses:Shopping:Furniture  253.28 DKK

2018-06-15 * "MobilePay: Dessouky" "" #spiir
  spiir-id: "636647281002354387"
  Assets:Checking:Primary  75.00 DKK
  Expenses:Uncategorized  -75.00 DKK

2018-06-16 * "MobilePay Zaggis" "" #spiir
  spiir-id: "636648230750238321"
  Assets:Checking:Primary  -15.00 DKK
  Expenses:Uncategorized  15.00 DKK

2018-06-16 * "MobilePay Bicycle Teech ApS" "" #spiir
  spiir-id: "636648230750238322"
  Assets:Checking:Primary  -10.00 DKK
  Expenses:Uncategorized  10.00 DKK

2018-06-16 * "VDK DKK 36,00" "Fastfood & takeaway" #spiir
  spiir-id: "636649039719890448"
  Assets:Checking:Primary  -36.00 DKK
  Expenses:Food:Takeaway  36.00 DKK

2018-06-16 * "Bertels Salon ApS" "Bar, cafe & restaurant" #spiir
  spiir-id: "636649039719890449"
  Assets:Checking:Primary  -275.00 DKK
  Expenses:Food:Restaurant  275.00 DKK

2018-06-16 * "7-Eleven B 014" "Kiosk, bager & specialbutikker" #spiir
  spiir-id: "636649039719890450"
  Assets:Checking:Primary  -179.75 DKK
  Expenses:Food:Kiosk  179.75 DKK

2018-06-16 * "Irma 23089 City" "Dagligvarer" #spiir
  spiir-id: "636649039719890451"
  Assets:Checking:Primary  -25.00 DKK
  Expenses:Food:Groceries  25.00 DKK

2018-06-16 * "vivus.dk" "Forbrugslån" #spiir
  spiir-id: "636649039719890452"
  Assets:Checking:Primary  -81.46 DKK
  Expenses:Loans:Consumer  81.46 DKK

2018-06-18 * "Fars gæld til vivus" "" #spiir
  spiir-id: "636649950424826893"
  Assets:Checking:Primary  -8064.54 DKK
  Expenses:Uncategorized  8064.54 DKK

2018-06-18 * "FLAMINGO KEBAB ApS" "Fastfood & takeaway" #spiir
  spiir-id: "636649950424826894"
  Assets:Checking:Primary  -32.00 DKK
  Expenses:Food:Takeaway  32.00 DKK

2018-06-19 * "VDK USD 19,95" "Online services & software" #spiir
  spiir-id: "636649950424826895"
  Assets:Checking:Primary  -131.33 DKK
  Expenses:Subscriptions:Software  131.33 DKK

2018-06-19 * "VDK DKK 38,00" "Online services & software" #spiir
  spiir-id: "636649950424826896"
  Assets:Checking:Primary  -38.00 DKK
  Expenses:Subscriptions:Software  38.00 DKK

2018-06-19 * "VDK DKK 56,00" "" #spiir
  spiir-id: "636649950424826897"
  Assets:Checking:Primary  -56.00 DKK
  Expenses:Uncategorized  56.00 DKK

2018-06-19 * "VDK DKK 70,00" "Ferieaktiviteter" #spiir
  spiir-id: "636649950424826898"
  Assets:Checking:Primary  -70.00 DKK
  Expenses:Travel:Activities  70.00 DKK

2018-06-19 * "MobilePay Zaggis" "" #spiir
  spiir-id: "636649950424826899"
  Assets:Checking:Primary  -30.00 DKK
  Expenses:Uncategorized  30.00 DKK

2018-06-20 * "VDK DKK 36,00" "Fastfood & takeaway" #spiir
  spiir-id: "636650739593216725"
  Assets:Checking:Primary  -36.00 DKK
  Expenses:Food:Takeaway  36.00 DKK

2018-06-20 * "REFFEN" "Bar, cafe & restaurant" #spiir
  spiir-id: "636651562174227061"
  Assets:Checking:Primary  -89.00 DKK
  Expenses:Food:Restaurant  89.00 DKK

2018-06-20 * "REFFEN" "Bar, cafe & restaurant" #spiir
  spiir-id: "636651562174227062"
  Assets:Checking:Primary  -110.00 DKK
  Expenses:Food:Restaurant  110.00 DKK

2018-06-20 * "Wulff & Konstali F" "Bar, cafe & restaurant" #spiir
  spiir-id: "636651562174227063"
  Assets:Checking:Primary  -49.00 DKK
  Expenses:Food:Restaurant  49.00 DKK

2018-06-20 * "SuperB Nørrebrogad" "Dagligvarer" #spiir
  spiir-id: "636651562174227064"
  Assets:Checking:Primary  -49.40 DKK
  Expenses:Food:Groceries  49.40 DKK

2018-06-20 * "MobilePay: Bjarke Mønsted" "" #spiir
  spiir-id: "636651562174227065"
  Assets:Checking:Primary  409.20 DKK
  Expenses:Uncategorized  -409.20 DKK

2018-06-21 * "Viktoriagade Bar A" "Bar, cafe & restaurant" #spiir
  spiir-id: "636652508808598309"
  Assets:Checking:Primary  -90.00 DKK
  Expenses:Food:Restaurant  90.00 DKK

2018-06-22 * "Viktoriagade Bar A" "Bar, cafe & restaurant" #spiir
  spiir-id: "636653391782173501"
  Assets:Checking:Primary  -110.00 DKK
  Expenses:Food:Restaurant  110.00 DKK

2018-06-22 * "Viktoriagade Bar A" "Bar, cafe & restaurant" #spiir
  spiir-id: "636653391782173502"
  Assets:Checking:Primary  -60.00 DKK
  Expenses:Food:Restaurant  60.00 DKK

2018-06-22 * "Viktoriagade Bar A" "Bar, cafe & restaurant" #spiir
  spiir-id: "636653391782173503"
  Assets:Checking:Primary  -90.00 DKK
  Expenses:Food:Restaurant  90.00 DKK

2018-06-22 * "ECCO Købmagergade" "Tøj, sko & accessories" #spiir
  spiir-id: "636653391782173504"
  Assets:Checking:Primary  -70.00 DKK
  Expenses:Shopping:Clothing  70.00 DKK

2018-06-23 * "MobilePay Signe Poulsen" "" #spiir
  spiir-id: "636654219943045260"
  Assets:Checking:Primary  -156.00 DKK
  Expenses:Uncategorized  156.00 DKK

2018-06-23 * "MobilePay Bicycle Teech ApS" "" #spiir
  spiir-id: "636654219943045261"
  Assets:Checking:Primary  -549.00 DKK
  Expenses:Uncategorized  549.00 DKK

2018-06-23 * "VDK DKK 164,00" "Film, musik & læsestof" #spiir
  spiir-id: "636655170772351441"
  Assets:Checking:Primary  -164.00 DKK
  Expenses:Entertainment:Media  164.00 DKK

2018-06-23 * "VDK DKK 45,00" "" #spiir
  spiir-id: "636655170772351442"
  Assets:Checking:Primary  -45.00 DKK
  Expenses:Uncategorized  45.00 DKK

2018-06-23 * "Café Hygge" "Bar, cafe & restaurant" #spiir
  spiir-id: "636655170772351443"
  Assets:Checking:Primary  -70.00 DKK
  Expenses:Food:Restaurant  70.00 DKK

2018-06-24 * "BRØD" "Kiosk, bager & specialbutikker" #spiir
  spiir-id: "636655170772351444"
  Assets:Checking:Primary  -50.00 DKK
  Expenses:Food:Kiosk  50.00 DKK

2018-06-24 * "Copenhagen boulder" "Bar, cafe & restaurant" #spiir
  spiir-id: "636655170772351445"
  Assets:Checking:Primary  -20.00 DKK
  Expenses:Food:Restaurant  20.00 DKK

2018-06-24 * "Copenhagen boulder" "Bar, cafe & restaurant" #spiir
  spiir-id: "636655170772351446"
  Assets:Checking:Primary  -40.00 DKK
  Expenses:Food:Restaurant  40.00 DKK

2018-06-24 * "Mad & Kaffe" "Bar, cafe & restaurant" #spiir
  spiir-id: "636655170772351447"
  Assets:Checking:Primary  -160.00 DKK
  Expenses:Food:Restaurant  160.00 DKK

2018-06-25 * "Irma Fr.Borggade" "Dagligvarer" #spiir
  spiir-id: "636655911934403469"
  Assets:Checking:Primary  -77.00 DKK
  Expenses:Food:Groceries  77.00 DKK

2018-06-25 * "Brinck Elektronik" "Elektronik & computerudstyr" #spiir
  spiir-id: "636655911934403470"
  Assets:Checking:Primary  -128.90 DKK
  Expenses:Shopping:Electronics  128.90 DKK

2018-06-25 * "LOKE CYKLER NØRREB" "Anden transport" #spiir
  spiir-id: "636655911934403471"
  Assets:Checking:Primary  -207.00 DKK
  Expenses:Transport:Other  207.00 DKK

2018-06-25 * "The Coffee Collect" "Bar, cafe & restaurant" #spiir
  spiir-id: "636655911934403472"
  Assets:Checking:Primary  -60.00 DKK
  Expenses:Food:Restaurant  60.00 DKK

2018-06-26 * "VDK USD 7,00" "Online services & software" #spiir
  spiir-id: "636655911934403473"
  Assets:Checking:Primary  -45.92 DKK
  Expenses:Subscriptions:Software  45.92 DKK

2018-06-26 * "MobilePay Rolf Thunbo" "" #spiir
  spiir-id: "636656892392244168"
  Assets:Checking:Primary  -122.50 DKK
  Expenses:Uncategorized  122.50 DKK

2018-06-26 * "KUNG FU TIVOLI" "Bar, cafe & restaurant" #spiir
  spiir-id: "636656892392244169"
  Assets:Checking:Primary  -40.00 DKK
  Expenses:Food:Restaurant  40.00 DKK

2018-06-26 * "TRUSTPILOT A/S" "Anden indkomst" #spiir
  spiir-id: "636656892392244170"
  Assets:Checking:Primary  1195.77 DKK
  Income:Other  -1195.77 DKK

2018-06-26 * "BaneKiosken" "Kiosk, bager & specialbutikker" #spiir
  spiir-id: "636656892392244171"
  Assets:Checking:Primary  -14.00 DKK
  Expenses:Food:Kiosk  14.00 DKK

2018-06-27 * "MobilePay Randi Liholm" "" #spiir
  spiir-id: "636657770479963315"
  Assets:Checking:Primary  -25.00 DKK
  Expenses:Uncategorized  25.00 DKK

2018-06-28 * "VDK DKK 206,00" "Tøj, sko & accessories" #spiir
  spiir-id: "636657770479963316"
  Assets:Checking:Primary  -206.00 DKK
  Expenses:Shopping:Clothing  206.00 DKK

2018-06-28 * "Lønoverførsel" "Løn" #spiir
  spiir-id: "636658510201332855"
  Assets:Checking:Primary  23957.33 DKK
  Income:Salary  -23957.33 DKK

2018-06-29 * "VDK DKK 354,00" "" #spiir
  spiir-id: "636658510201332856"
  Assets:Checking:Primary  -354.00 DKK
  Expenses:Uncategorized  354.00 DKK

2018-06-29 * "Fælledvej 1 husleje" "Boliglån/husleje" #spiir
  spiir-id: "636658510201332857"
  Assets:Checking:Primary  -6296.00 DKK
  Expenses:House:Mortgage  6296.00 DKK

2018-06-29 * "MobilePay: Jan Dalsgaard" "" #spiir
  spiir-id: "636658510201332858"
  Assets:Checking:Primary  1000.00 DKK
  Expenses:Uncategorized  -1000.00 DKK

2018-06-29 * "Gebyrer i alt" "Bankgebyrer" #spiir
  spiir-id: "636659470503225756"
  Assets:Checking:Primary  -90.00 DKK
  Expenses:Bank:Fees  90.00 DKK

2018-06-29 * "Gebyr - PATRICK OG SIGNE POULSEN" "Bankgebyrer" #spiir
  spiir-id: "636659470503225757"
  Assets:Checking:Primary  -10.00 DKK
  Expenses:Bank:Fees  10.00 DKK

2018-06-29 * "3´s Kortbetaling" "Telefoni & internet" #spiir
  spiir-id: "636661270773639961"
  Assets:Checking:Primary  -130.00 DKK
  Expenses:Subscriptions:Telecom  130.00 DKK

2018-06-30 * "VDK USD 35,88" "" #spiir
  spiir-id: "636661270773639962"
  Assets:Checking:Primary  -236.55 DKK
  Expenses:Uncategorized  236.55 DKK

2018-06-30 * "Tryg" "Indbo- & familieforsikring" #spiir
  spiir-id: "636661270773639963"
  Assets:Checking:Primary  -103.05 DKK
  Expenses:House:Contents-Insurance  103.05 DKK

2018-06-30 * "Tryg" "Indbo- & familieforsikring" #spiir
  spiir-id: "636661270773639964"
  Assets:Checking:Primary  -222.34 DKK
  Expenses:House:Contents-Insurance  222.34 DKK

2018-06-30 * "Akademikernes A-Kasse" "Fagforening & a-kasse" #spiir
  spiir-id: "636661270773639965"
  Assets:Checking:Primary  -1308.00 DKK
  Expenses:Insurance:Union  1308.00 DKK

2018-06-30 * "Fitness DK" "Sport & fritid" #spiir
  spiir-id: "636661270773639966"
  Assets:Checking:Primary  -338.75 DKK
  Expenses:Entertainment:Sports  338.75 DKK

2018-06-30 * "Fiol Optik" "Briller & kontaktlinser" #spiir
  spiir-id: "636661270773639967"
  Assets:Checking:Primary  -330.00 DKK
  Expenses:Health:Vision  330.00 DKK

2018-06-30 * "Dbkk" "Sport & fritid" #spiir
  spiir-id: "636661270773639968"
  Assets:Checking:Primary  -395.00 DKK
  Expenses:Entertainment:Sports  395.00 DKK

2018-06-30 * "Færgen Catering" "Ferieaktiviteter" #spiir
  spiir-id: "636661270773639969"
  Assets:Checking:Primary  -29.95 DKK
  Expenses:Travel:Activities  29.95 DKK

2018-06-30 * "Fakta 324" "Dagligvarer" #spiir
  spiir-id: "636661270773639970"
  Assets:Checking:Primary  -131.90 DKK
  Expenses:Food:Groceries  131.90 DKK

2018-07-01 * "MobilePay Zaggis" "Bar, cafe & restaurant" #spiir
  spiir-id: "636661270773639960"
  Assets:Checking:Primary  -15.00 DKK
  Expenses:Food:Restaurant  15.00 DKK

2018-07-01 * "Rejsekort - DSB" "Bus, tog, færge o.l." #spiir
  spiir-id: "636661270773639971"
  Assets:Checking:Primary  -300.00 DKK
  Expenses:Transport:Public  300.00 DKK

2018-07-01 * "Fiskerikajen Torve" "Dagligvarer" #spiir
  spiir-id: "636661270773639972"
  Assets:Checking:Primary  -115.00 DKK
  Expenses:Food:Groceries  115.00 DKK

2018-07-01 * "Flying Tiger Cph59" "" #spiir
  spiir-id: "636661270773639973"
  Assets:Checking:Primary  -41.50 DKK
  Expenses:Uncategorized  41.50 DKK

2018-07-01 * "Irma Fr.Borggade" "Dagligvarer" #spiir
  spiir-id: "636661270773639974"
  Assets:Checking:Primary  -54.50 DKK
  Expenses:Food:Groceries  54.50 DKK

2018-07-01 * "HIND MARKED" "Dagligvarer" #spiir
  spiir-id: "636661270773639975"
  Assets:Checking:Primary  -55.00 DKK
  Expenses:Food:Groceries  55.00 DKK

2018-07-02 * "MobilePay: Jan Dalsgaard" "" #spiir
  spiir-id: "636661270773639976"
  Assets:Checking:Primary  1000.00 DKK
  Expenses:Uncategorized  -1000.00 DKK

2018-07-02 * "TAFFELBAY" "Kiosk, bager & specialbutikker" #spiir
  spiir-id: "636661270773639977"
  Assets:Checking:Primary  -78.00 DKK
  Expenses:Food:Kiosk  78.00 DKK

2018-07-03 * "VDK DKK 18,00" "" #spiir
  spiir-id: "636662126073911069"
  Assets:Checking:Primary  -18.00 DKK
  Expenses:Uncategorized  18.00 DKK

2018-07-03 * "MobilePay Jesper Hansen" "Hobby & sportsudstyr" #spiir
  spiir-id: "636662852228506236"
  Assets:Checking:Primary  -1800.00 DKK
  Expenses:Shopping:Sports  1800.00 DKK

2018-07-05 * "VDK DKK 89,00" "Film, musik & læsestof" #spiir
  spiir-id: "636663905606321199"
  Assets:Checking:Primary  -89.00 DKK
  Expenses:Entertainment:Media  89.00 DKK

2018-07-05 * "MobilePay Frisør Hans" "" #spiir
  spiir-id: "636663905606321200"
  Assets:Checking:Primary  -180.00 DKK
  Expenses:Uncategorized  180.00 DKK

2018-07-05 * "FRILUFTSLAND A/S" "Tøj, sko & accessories" #spiir
  spiir-id: "636665354596978128"
  Assets:Checking:Primary  -1024.20 DKK
  Expenses:Shopping:Clothing  1024.20 DKK

2018-07-06 * "Husleje" "Boliglån/husleje" #spiir
  spiir-id: "636665354596978129"
  Assets:Checking:Primary  -5540.00 DKK
  Expenses:House:Mortgage  5540.00 DKK

2018-07-06 * "VDK DKK 110,00" "" #spiir
  spiir-id: "636665354596978130"
  Assets:Checking:Primary  -110.00 DKK
  Expenses:Uncategorized  110.00 DKK

2018-07-06 * "MobilePay Zaggis" "" #spiir
  spiir-id: "636665354596978131"
  Assets:Checking:Primary  -15.00 DKK
  Expenses:Uncategorized  15.00 DKK

2018-07-06 * "SuperB Nørrebrogad" "Dagligvarer" #spiir
  spiir-id: "636665354596978132"
  Assets:Checking:Primary  -31.95 DKK
  Expenses:Food:Groceries  31.95 DKK

2018-07-06 * "Irma 23089 City" "Dagligvarer" #spiir
  spiir-id: "636665354596978133"
  Assets:Checking:Primary  -12.00 DKK
  Expenses:Food:Groceries  12.00 DKK

2018-07-07 * "MobilePay: Jan Dalsgaard" "" #spiir
  spiir-id: "636666278137277774"
  Assets:Checking:Primary  1000.00 DKK
  Expenses:Uncategorized  -1000.00 DKK

2018-07-07 * "MobilePay Zaggis" "" #spiir
  spiir-id: "636666278137277775"
  Assets:Checking:Primary  -15.00 DKK
  Expenses:Uncategorized  15.00 DKK

2018-07-07 * "VDK DKK 35,00" "" #spiir
  spiir-id: "636667321042509299"
  Assets:Checking:Primary  -35.00 DKK
  Expenses:Uncategorized  35.00 DKK

2018-07-07 * "Roskilde Festival" "Ferieaktiviteter" #spiir
  spiir-id: "636667321042509300"
  Assets:Checking:Primary  -130.00 DKK
  Expenses:Travel:Activities  130.00 DKK

2018-07-07 * "Roskilde Festival" "Ferieaktiviteter" #spiir
  spiir-id: "636667321042509301"
  Assets:Checking:Primary  -180.00 DKK
  Expenses:Travel:Activities  180.00 DKK

2018-07-07 * "Roskilde Festival" "Ferieaktiviteter" #spiir
  spiir-id: "636667321042509302"
  Assets:Checking:Primary  -45.00 DKK
  Expenses:Travel:Activities  45.00 DKK

2018-07-07 * "Roskilde Festival" "Ferieaktiviteter" #spiir
  spiir-id: "636667321042509303"
  Assets:Checking:Primary  -65.00 DKK
  Expenses:Travel:Activities  65.00 DKK

2018-07-07 * "SuperB Nørrebrogad" "Dagligvarer" #spiir
  spiir-id: "636667321042509304"
  Assets:Checking:Primary  -93.95 DKK
  Expenses:Food:Groceries  93.95 DKK

2018-07-07 * "Brødrene Grim" "Bar, cafe & restaurant" #spiir
  spiir-id: "636667321042509305"
  Assets:Checking:Primary  -384.00 DKK
  Expenses:Food:Restaurant  384.00 DKK

2018-07-08 * "Copenhagen boulder" "Bar, cafe & restaurant" #spiir
  spiir-id: "636667321042509306"
  Assets:Checking:Primary  -20.00 DKK
  Expenses:Food:Restaurant  20.00 DKK

2018-07-08 * "Copenhagen boulder" "Bar, cafe & restaurant" #spiir
  spiir-id: "636667321042509307"
  Assets:Checking:Primary  -20.00 DKK
  Expenses:Food:Restaurant  20.00 DKK

2018-07-08 * "SILVAN 637 Fisketo" "Ombygning & vedligehold" #spiir
  spiir-id: "636667321042509308"
  Assets:Checking:Primary  -443.40 DKK
  Expenses:House:Renovation  443.40 DKK

2018-07-08 * "Fakta 324" "Dagligvarer" #spiir
  spiir-id: "636667321042509309"
  Assets:Checking:Primary  -196.90 DKK
  Expenses:Food:Groceries  196.90 DKK

2018-07-08 * "cinemaxx.dk" "Biograf, koncerter & forlystelser" #spiir
  spiir-id: "636667321042509310"
  Assets:Checking:Primary  -252.00 DKK
  Expenses:Entertainment:Events  252.00 DKK

2018-07-09 * "MobilePay: Dessouky" "" #spiir
  spiir-id: "636667321042509311"
  Assets:Checking:Primary  240.00 DKK
  Expenses:Uncategorized  -240.00 DKK

2018-07-09 * "Roskilde Festival" "Ferieaktiviteter" #spiir
  spiir-id: "636668018029041199"
  Assets:Checking:Primary  -300.00 DKK
  Expenses:Travel:Activities  300.00 DKK

2018-07-10 * "VDK DKK 43,20" "" #spiir
  spiir-id: "636668018029041200"
  Assets:Checking:Primary  -43.20 DKK
  Expenses:Uncategorized  43.20 DKK

2018-07-10 * "MobilePay Zaggis" "" #spiir
  spiir-id: "636668354781890441"
  Assets:Checking:Primary  -15.00 DKK
  Expenses:Uncategorized  15.00 DKK

2018-07-10 * "VAISENHUS APOTEK" "Apotek & medicin" #spiir
  spiir-id: "636669059779391643"
  Assets:Checking:Primary  -46.25 DKK
  Expenses:Health:Pharmacy  46.25 DKK

2018-07-10 * "La Perla" "Bar, cafe & restaurant" #spiir
  spiir-id: "636669059779391644"
  Assets:Checking:Primary  -198.00 DKK
  Expenses:Food:Restaurant  198.00 DKK

2018-07-10 * "Empire Bio A/S" "Biograf, koncerter & forlystelser" #spiir
  spiir-id: "636669059779391645"
  Assets:Checking:Primary  -195.00 DKK
  Expenses:Entertainment:Events  195.00 DKK

2018-07-10 * "Empire Bio A/S" "Biograf, koncerter & forlystelser" #spiir
  spiir-id: "636669059779391646"
  Assets:Checking:Primary  -45.00 DKK
  Expenses:Entertainment:Events  45.00 DKK

2018-07-11 * "VDK DKK 25,00" "Ferieaktiviteter" #spiir
  spiir-id: "636669059779391647"
  Assets:Checking:Primary  -25.00 DKK
  Expenses:Travel:Activities  25.00 DKK

2018-07-11 * "MobilePay Marjan Horsbøl" "" #spiir
  spiir-id: "636669059779391648"
  Assets:Checking:Primary  -40.00 DKK
  Expenses:Uncategorized  40.00 DKK

2018-07-11 * "WeShare: Klatremus" "" #spiir
  spiir-id: "636669059779391649"
  Assets:Checking:Primary  80.50 DKK
  Expenses:Uncategorized  -80.50 DKK

2018-07-11 * "Emmerys (380)" "Bar, cafe & restaurant" #spiir
  spiir-id: "636669059779391650"
  Assets:Checking:Primary  -50.00 DKK
  Expenses:Food:Restaurant  50.00 DKK

2018-07-12 * "MobilePay: Jasper Arildslund" "" #spiir
  spiir-id: "636670674613588988"
  Assets:Checking:Primary  90.00 DKK
  Expenses:Uncategorized  -90.00 DKK

2018-07-13 * "Joyrun" "Hobby & sportsudstyr" #spiir
  spiir-id: "636671516025850901"
  Assets:Checking:Primary  -52.46 DKK
  Expenses:Shopping:Sports  52.46 DKK

2018-07-13 * "FRILUFTSLAND A/S" "Tøj, sko & accessories" #spiir
  spiir-id: "636671516025850902"
  Assets:Checking:Primary  629.10 DKK
  Expenses:Shopping:Clothing  -629.10 DKK

2018-07-14 * "VDK DKK 35,00" "" #spiir
  spiir-id: "636674288264282009"
  Assets:Checking:Primary  -35.00 DKK
  Expenses:Uncategorized  35.00 DKK

2018-07-14 * "VDK DKK 290,00" "Ferieaktiviteter" #spiir
  spiir-id: "636674288264282010"
  Assets:Checking:Primary  -290.00 DKK
  Expenses:Travel:Activities  290.00 DKK

2018-07-14 * "VDK DKK 99,00" "Film, musik & læsestof" #spiir
  spiir-id: "636674288264282011"
  Assets:Checking:Primary  -99.00 DKK
  Expenses:Entertainment:Media  99.00 DKK

2018-07-14 * "Gebr. Heinemann" "Bar, cafe & restaurant" #spiir
  spiir-id: "636674288264282012"
  Assets:Checking:Primary  -18.00 DKK
  Expenses:Food:Restaurant  18.00 DKK

2018-07-17 * "ATM UDBET VISA UDL" "Kontanthævning & check" #spiir
  spiir-id: "636674288264282013"
  Assets:Checking:Primary  -30.00 DKK
  Expenses:Cash  30.00 DKK

2018-07-17 * "VDK EUR 39,60" "Ferieaktiviteter" #spiir
  spiir-id: "636674288264282014"
  Assets:Checking:Primary  -299.75 DKK
  Expenses:Travel:Activities  299.75 DKK

2018-07-17 * "VDK EUR 3,70" "Ferieaktiviteter" #spiir
  spiir-id: "636674288264282015"
  Assets:Checking:Primary  -28.00 DKK
  Expenses:Travel:Activities  28.00 DKK

2018-07-17 * "VDK EUR 61,60" "Ferieaktiviteter" #spiir
  spiir-id: "636674288264282016"
  Assets:Checking:Primary  -466.27 DKK
  Expenses:Travel:Activities  466.27 DKK

2018-07-17 * "VDK USD 17,19" "Film, musik & læsestof" #spiir
  spiir-id: "636674288264282017"
  Assets:Checking:Primary  -112.56 DKK
  Expenses:Entertainment:Media  112.56 DKK

2018-07-17 * "VDK EUR 200,00" "Ferieaktiviteter" #spiir
  spiir-id: "636674288264282018"
  Assets:Checking:Primary  -1513.87 DKK
  Expenses:Travel:Activities  1513.87 DKK

2018-07-17 * "VDK EUR 9,00" "Ferieaktiviteter" #spiir
  spiir-id: "636674288264282019"
  Assets:Checking:Primary  -68.13 DKK
  Expenses:Travel:Activities  68.13 DKK

2018-07-17 * "VDK EUR 17,21" "" #spiir
  spiir-id: "636674288264282020"
  Assets:Checking:Primary  -130.27 DKK
  Expenses:Uncategorized  130.27 DKK

2018-07-17 * "VDK EUR 4,28" "Ferieaktiviteter" #spiir
  spiir-id: "636674288264282021"
  Assets:Checking:Primary  -32.40 DKK
  Expenses:Travel:Activities  32.40 DKK

2018-07-18 * "VDK EUR 57,80" "Ferieaktiviteter" #spiir
  spiir-id: "636675022170108028"
  Assets:Checking:Primary  -437.44 DKK
  Expenses:Travel:Activities  437.44 DKK

2018-07-19 * "VDK EUR 3,33" "Online services & software" #spiir
  spiir-id: "636675870801526809"
  Assets:Checking:Primary  -25.20 DKK
  Expenses:Subscriptions:Software  25.20 DKK

2018-07-19 * "VDK EUR 0,64" "" #spiir
  spiir-id: "636675870801526810"
  Assets:Checking:Primary  -4.84 DKK
  Expenses:Uncategorized  4.84 DKK

2018-07-19 * "VDK EUR 4,68" "Ferieaktiviteter" #spiir
  spiir-id: "636675870801526811"
  Assets:Checking:Primary  -35.41 DKK
  Expenses:Travel:Activities  35.41 DKK

2018-07-19 * "VDK DKK 70,00" "Ferieaktiviteter" #spiir
  spiir-id: "636675870801526812"
  Assets:Checking:Primary  -70.00 DKK
  Expenses:Travel:Activities  70.00 DKK

2018-07-20 * "VDK EUR 6,13" "" #spiir
  spiir-id: "636676635762861787"
  Assets:Checking:Primary  -46.40 DKK
  Expenses:Uncategorized  46.40 DKK

2018-07-20 * "VDK EUR 61,30" "" #spiir
  spiir-id: "636676635762861788"
  Assets:Checking:Primary  -463.96 DKK
  Expenses:Uncategorized  463.96 DKK

2018-07-21 * "MobilePay Konyali Resturant" "" #spiir
  spiir-id: "636678489716563762"
  Assets:Checking:Primary  -15.00 DKK
  Expenses:Uncategorized  15.00 DKK

2018-07-21 * "MobilePay Konyali Resturant" "" #spiir
  spiir-id: "636678489716563763"
  Assets:Checking:Primary  -15.00 DKK
  Expenses:Uncategorized  15.00 DKK

2018-07-21 * "MobilePay Zaggis" "" #spiir
  spiir-id: "636678489716563764"
  Assets:Checking:Primary  -15.00 DKK
  Expenses:Uncategorized  15.00 DKK

2018-07-21 * "VDK EUR 6,60" "Ferieaktiviteter" #spiir
  spiir-id: "636679407404023020"
  Assets:Checking:Primary  -49.94 DKK
  Expenses:Travel:Activities  49.94 DKK

2018-07-21 * "VDK EUR 2,19" "Ferieaktiviteter" #spiir
  spiir-id: "636679407404023021"
  Assets:Checking:Primary  -16.57 DKK
  Expenses:Travel:Activities  16.57 DKK

2018-07-21 * "HIND MARKED" "Dagligvarer" #spiir
  spiir-id: "636679407404023022"
  Assets:Checking:Primary  -88.00 DKK
  Expenses:Food:Groceries  88.00 DKK

2018-07-21 * "ALHODA HALAL SLAGT" "Dagligvarer" #spiir
  spiir-id: "636679407404023023"
  Assets:Checking:Primary  -125.00 DKK
  Expenses:Food:Groceries  125.00 DKK

2018-07-21 * "SuperB Nørrebrogad" "Dagligvarer" #spiir
  spiir-id: "636679407404023024"
  Assets:Checking:Primary  -238.77 DKK
  Expenses:Food:Groceries  238.77 DKK

2018-07-22 * "MobilePay Zaggis" "" #spiir
  spiir-id: "636679407404023019"
  Assets:Checking:Primary  -30.00 DKK
  Expenses:Uncategorized  30.00 DKK

2018-07-22 * "HIND MARKED" "Dagligvarer" #spiir
  spiir-id: "636679407404023025"
  Assets:Checking:Primary  -45.00 DKK
  Expenses:Food:Groceries  45.00 DKK

2018-07-22 * "THAI & CHINESE" "Fastfood & takeaway" #spiir
  spiir-id: "636679407404023026"
  Assets:Checking:Primary  -69.00 DKK
  Expenses:Food:Takeaway  69.00 DKK

2018-07-22 * "Ramen To Biiru" "Bar, cafe & restaurant" #spiir
  spiir-id: "636679407404023027"
  Assets:Checking:Primary  -325.00 DKK
  Expenses:Food:Restaurant  325.00 DKK

2018-07-24 * "VDK DKK 29,00" "Ferieaktiviteter" #spiir
  spiir-id: "636680165318487336"
  Assets:Checking:Primary  -29.00 DKK
  Expenses:Travel:Activities  29.00 DKK

2018-07-24 * "VDK EUR 4,80" "Ferieaktiviteter" #spiir
  spiir-id: "636680165318487337"
  Assets:Checking:Primary  -36.33 DKK
  Expenses:Travel:Activities  36.33 DKK

2018-07-24 * "VDK EUR 22,30" "Ferieaktiviteter" #spiir
  spiir-id: "636680165318487338"
  Assets:Checking:Primary  -168.75 DKK
  Expenses:Travel:Activities  168.75 DKK

2018-07-24 * "MobilePay Zaggis" "" #spiir
  spiir-id: "636680165318487339"
  Assets:Checking:Primary  -15.00 DKK
  Expenses:Uncategorized  15.00 DKK

2018-07-24 * "Ikea" "Møbler & boligudstyr" #spiir
  spiir-id: "636680978514232205"
  Assets:Checking:Primary  -1675.00 DKK
  Expenses:Shopping:Furniture  1675.00 DKK

2018-07-24 * "Ikea" "Møbler & boligudstyr" #spiir
  spiir-id: "636680978514232206"
  Assets:Checking:Primary  -50.00 DKK
  Expenses:Shopping:Furniture  50.00 DKK

2018-07-24 * "MobilePay: Dan Meakin" "" #spiir
  spiir-id: "636680978514232207"
  Assets:Checking:Primary  35.00 DKK
  Expenses:Uncategorized  -35.00 DKK

2018-07-25 * "MobilePay Zaggis" "" #spiir
  spiir-id: "636681906775170266"
  Assets:Checking:Primary  -15.00 DKK
  Expenses:Uncategorized  15.00 DKK

2018-07-25 * "Ølbaren" "Bar, cafe & restaurant" #spiir
  spiir-id: "636681906775170267"
  Assets:Checking:Primary  -50.00 DKK
  Expenses:Food:Restaurant  50.00 DKK

2018-07-25 * "Ølbaren" "Bar, cafe & restaurant" #spiir
  spiir-id: "636681906775170268"
  Assets:Checking:Primary  -38.00 DKK
  Expenses:Food:Restaurant  38.00 DKK

2018-07-26 * "VDK USD 7,00" "Online services & software" #spiir
  spiir-id: "636681906775170269"
  Assets:Checking:Primary  -45.65 DKK
  Expenses:Subscriptions:Software  45.65 DKK

2018-07-26 * "VDK DKK 40,00" "Bar, cafe & restaurant" #spiir
  spiir-id: "636681906775170270"
  Assets:Checking:Primary  -40.00 DKK
  Expenses:Food:Restaurant  40.00 DKK

2018-07-26 * "VDK DKK 35,00" "" #spiir
  spiir-id: "636681906775170271"
  Assets:Checking:Primary  -35.00 DKK
  Expenses:Uncategorized  35.00 DKK

2018-07-26 * "MobilePay: Dessouky" "" #spiir
  spiir-id: "636682786069301784"
  Assets:Checking:Primary  340.00 DKK
  Expenses:Uncategorized  -340.00 DKK

2018-07-26 * "Normal A/S" "Dagligvarer" #spiir
  spiir-id: "636682786069301785"
  Assets:Checking:Primary  -121.00 DKK
  Expenses:Food:Groceries  121.00 DKK

2018-07-26 * "Normal A/S" "Dagligvarer" #spiir
  spiir-id: "636682786069301786"
  Assets:Checking:Primary  -152.00 DKK
  Expenses:Food:Groceries  152.00 DKK

2018-07-26 * "VAISENHUS APOTEK" "Apotek & medicin" #spiir
  spiir-id: "636682786069301787"
  Assets:Checking:Primary  -219.00 DKK
  Expenses:Health:Pharmacy  219.00 DKK

2018-07-26 * "MobilePay: Milena Nikolova" "" #spiir
  spiir-id: "636682786069301788"
  Assets:Checking:Primary  70.00 DKK
  Expenses:Uncategorized  -70.00 DKK

2018-07-26 * "RESSO Coffee AB" "Bar, cafe & restaurant" #spiir
  spiir-id: "636682786069301789"
  Assets:Checking:Primary  -140.00 DKK
  Expenses:Food:Restaurant  140.00 DKK

2018-07-27 * "Sportmaster Vimmel" "Tøj, sko & accessories" #spiir
  spiir-id: "636684606660618813"
  Assets:Checking:Primary  -250.00 DKK
  Expenses:Shopping:Clothing  250.00 DKK

2018-07-28 * "MobilePay Zaggis" "" #spiir
  spiir-id: "636684606660618814"
  Assets:Checking:Primary  -15.00 DKK
  Expenses:Uncategorized  15.00 DKK

2018-07-28 * "MALING.DK" "Ombygning & vedligehold" #spiir
  spiir-id: "636685408162655867"
  Assets:Checking:Primary  -26.00 DKK
  Expenses:House:Renovation  26.00 DKK

2018-07-28 * "SuperB Nørrebrogad" "Dagligvarer" #spiir
  spiir-id: "636685408162655868"
  Assets:Checking:Primary  -262.90 DKK
  Expenses:Food:Groceries  262.90 DKK

2018-07-29 * "MobilePay Jasper Arildslund" "" #spiir
  spiir-id: "636685408162655866"
  Assets:Checking:Primary  -1661.37 DKK
  Expenses:Uncategorized  1661.37 DKK

2018-07-29 * "Copenhagen boulder" "Sport & fritid" #spiir
  spiir-id: "636685408162655869"
  Assets:Checking:Primary  -130.00 DKK
  Expenses:Entertainment:Sports  130.00 DKK

2018-07-29 * "Ølbaren" "Bar, cafe & restaurant" #spiir
  spiir-id: "636685408162655870"
  Assets:Checking:Primary  -55.00 DKK
  Expenses:Food:Restaurant  55.00 DKK

2018-07-30 * "MobilePay: Dessouky" "" #spiir
  spiir-id: "636686094618473166"
  Assets:Checking:Primary  75.00 DKK
  Expenses:Uncategorized  -75.00 DKK

2018-07-30 * "MobilePay Dessouky" "" #spiir
  spiir-id: "636686094618473167"
  Assets:Checking:Primary  -50.00 DKK
  Expenses:Uncategorized  50.00 DKK

2018-07-30 * "Hija de Sanchez" "Fastfood & takeaway" #spiir
  spiir-id: "636686094618473168"
  Assets:Checking:Primary  -150.00 DKK
  Expenses:Food:Takeaway  150.00 DKK

2018-07-30 * "Lønoverførsel" "Løn" #spiir
  spiir-id: "636686094618473169"
  Assets:Checking:Primary  27363.93 DKK
  Income:Salary  -27363.93 DKK

2018-07-31 * "Fælledvej 1 husleje" "Boliglån/husleje" #spiir
  spiir-id: "636686094618473170"
  Assets:Checking:Primary  -6296.00 DKK
  Expenses:House:Mortgage  6296.00 DKK

2018-07-31 * "Viktoriagade Bar A" "Bar, cafe & restaurant" #spiir
  spiir-id: "636686967679870561"
  Assets:Checking:Primary  -65.00 DKK
  Expenses:Food:Restaurant  65.00 DKK

2018-07-31 * "3´s Kortbetaling" "Telefoni & internet" #spiir
  spiir-id: "636686967679870562"
  Assets:Checking:Primary  -130.00 DKK
  Expenses:Subscriptions:Telecom  130.00 DKK

2018-08-01 * "Dbkk" "Sport & fritid" #spiir
  spiir-id: "636686967679870563"
  Assets:Checking:Primary  -395.00 DKK
  Expenses:Entertainment:Sports  395.00 DKK

2018-08-01 * "Tryg" "Indbo- & familieforsikring" #spiir
  spiir-id: "636686967679870564"
  Assets:Checking:Primary  -163.71 DKK
  Expenses:House:Contents-Insurance  163.71 DKK

2018-08-01 * "Tryg" "Indbo- & familieforsikring" #spiir
  spiir-id: "636686967679870565"
  Assets:Checking:Primary  -478.13 DKK
  Expenses:House:Contents-Insurance  478.13 DKK

2018-08-01 * "MobilePay Dessouky" "" #spiir
  spiir-id: "636687912297437787"
  Assets:Checking:Primary  -80.00 DKK
  Expenses:Uncategorized  80.00 DKK

2018-08-01 * "SuperB Nørrebrogad" "Dagligvarer" #spiir
  spiir-id: "636687912297437788"
  Assets:Checking:Primary  -34.00 DKK
  Expenses:Food:Groceries  34.00 DKK

2018-08-01 * "SuperB Nørrebrogad" "Dagligvarer" #spiir
  spiir-id: "636687912297437789"
  Assets:Checking:Primary  -31.95 DKK
  Expenses:Food:Groceries  31.95 DKK

2018-08-02 * "Ældre Sagen" "Foreninger & kontingenter" #spiir
  spiir-id: "636688818481475455"
  Assets:Checking:Primary  -125.00 DKK
  Expenses:Subscriptions:Memberships  125.00 DKK

2018-08-02 * "Normal A/S" "Dagligvarer" #spiir
  spiir-id: "636688818481475456"
  Assets:Checking:Primary  -42.00 DKK
  Expenses:Food:Groceries  42.00 DKK

2018-08-02 * "RESSO Coffee AB" "Bar, cafe & restaurant" #spiir
  spiir-id: "636688818481475457"
  Assets:Checking:Primary  -45.00 DKK
  Expenses:Food:Restaurant  45.00 DKK

2018-08-03 * "MobilePay: Dan Meakin" "" #spiir
  spiir-id: "636689627849017281"
  Assets:Checking:Primary  109.00 DKK
  Expenses:Uncategorized  -109.00 DKK

2018-08-03 * "RIZ RAZ (DANKORT)" "Bar, cafe & restaurant" #spiir
  spiir-id: "636689627849017282"
  Assets:Checking:Primary  -327.00 DKK
  Expenses:Food:Restaurant  327.00 DKK

2018-08-03 * "NonSolo Pizza" "Fastfood & takeaway" #spiir
  spiir-id: "636689627849017283"
  Assets:Checking:Primary  -80.00 DKK
  Expenses:Food:Takeaway  80.00 DKK

2018-08-04 * "VDK DKK 310,25" "" #spiir
  spiir-id: "636691352971544807"
  Assets:Checking:Primary  -310.25 DKK
  Expenses:Uncategorized  310.25 DKK

2018-08-04 * "Ida Ingeniørfore. i Danm" "Fagforening & a-kasse" #spiir
  spiir-id: "636691352971544808"
  Assets:Checking:Primary  -878.25 DKK
  Expenses:Insurance:Union  878.25 DKK

2018-08-04 * "The Coffee Collect" "Bar, cafe & restaurant" #spiir
  spiir-id: "636691352971544809"
  Assets:Checking:Primary  -45.00 DKK
  Expenses:Food:Restaurant  45.00 DKK

2018-08-04 * "KVICKLY NØRREBRO" "Dagligvarer" #spiir
  spiir-id: "636691352971544810"
  Assets:Checking:Primary  -85.00 DKK
  Expenses:Food:Groceries  85.00 DKK

2018-08-04 * "KVICKLY NØRREBRO" "Dagligvarer" #spiir
  spiir-id: "636691352971544811"
  Assets:Checking:Primary  -47.50 DKK
  Expenses:Food:Groceries  47.50 DKK

2018-08-05 * "REFFEN" "Bar, cafe & restaurant" #spiir
  spiir-id: "636691352971544812"
  Assets:Checking:Primary  -267.00 DKK
  Expenses:Food:Restaurant  267.00 DKK

2018-08-05 * "REFFEN" "Bar, cafe & restaurant" #spiir
  spiir-id: "636691352971544813"
  Assets:Checking:Primary  -220.00 DKK
  Expenses:Food:Restaurant  220.00 DKK

2018-08-06 * "CARLMØLLER TRÆLAST" "Ombygning & vedligehold" #spiir
  spiir-id: "636692177542250768"
  Assets:Checking:Primary  -79.95 DKK
  Expenses:House:Renovation  79.95 DKK

2018-08-06 * "CARLMØLLER TRÆLAST" "Ombygning & vedligehold" #spiir
  spiir-id: "636692177542250769"
  Assets:Checking:Primary  -30.00 DKK
  Expenses:House:Renovation  30.00 DKK

2018-08-06 * "MALING.DK" "Ombygning & vedligehold" #spiir
  spiir-id: "636692177542250770"
  Assets:Checking:Primary  -22.00 DKK
  Expenses:House:Renovation  22.00 DKK

2018-08-06 * "MobilePay: Tim" "" #spiir
  spiir-id: "636692177542250771"
  Assets:Checking:Primary  14.00 DKK
  Expenses:Uncategorized  -14.00 DKK

2018-08-07 * "WeShare: Duuuudes" "Biograf, koncerter & forlystelser" #spiir
  spiir-id: "636693098666135313"
  Assets:Checking:Primary  12.48 DKK
  Expenses:Entertainment:Events  -12.48 DKK

2018-08-07 * "CARLMØLLER TRÆLAST" "Ombygning & vedligehold" #spiir
  spiir-id: "636693098666135314"
  Assets:Checking:Primary  -499.80 DKK
  Expenses:House:Renovation  499.80 DKK

2018-08-07 * "SuperB Nørrebrogad" "Dagligvarer" #spiir
  spiir-id: "636693098666135315"
  Assets:Checking:Primary  -55.95 DKK
  Expenses:Food:Groceries  55.95 DKK

2018-08-07 * "HIND MARKED" "Dagligvarer" #spiir
  spiir-id: "636693098666135316"
  Assets:Checking:Primary  -21.00 DKK
  Expenses:Food:Groceries  21.00 DKK

2018-08-08 * "VDK DKK 3,60" "" #spiir
  spiir-id: "636693098666135317"
  Assets:Checking:Primary  -3.60 DKK
  Expenses:Uncategorized  3.60 DKK

2018-08-08 * "VDK DKK 66,00" "" #spiir
  spiir-id: "636693098666135318"
  Assets:Checking:Primary  -66.00 DKK
  Expenses:Uncategorized  66.00 DKK

2018-08-08 * "WeShare: Duuuudes" "Biograf, koncerter & forlystelser" #spiir
  spiir-id: "636694037792457157"
  Assets:Checking:Primary  11.92 DKK
  Expenses:Entertainment:Events  -11.92 DKK

2018-08-08 * "FLAMINGO KEBAB ApS" "Fastfood & takeaway" #spiir
  spiir-id: "636694037792457158"
  Assets:Checking:Primary  -40.00 DKK
  Expenses:Food:Takeaway  40.00 DKK

2018-08-09 * "VDK DKK 63,00" "" #spiir
  spiir-id: "636694037792457159"
  Assets:Checking:Primary  -63.00 DKK
  Expenses:Uncategorized  63.00 DKK

2018-08-09 * "KIHOSKH A/S" "Kiosk, bager & specialbutikker" #spiir
  spiir-id: "636695009303639861"
  Assets:Checking:Primary  -32.00 DKK
  Expenses:Food:Kiosk  32.00 DKK

2018-08-09 * "CINEMAXX FISKETORV" "Biograf, koncerter & forlystelser" #spiir
  spiir-id: "636695009303639862"
  Assets:Checking:Primary  -258.00 DKK
  Expenses:Entertainment:Events  258.00 DKK

2018-08-09 * "Azra ApS" "Kiosk, bager & specialbutikker" #spiir
  spiir-id: "636695009303639863"
  Assets:Checking:Primary  -25.00 DKK
  Expenses:Food:Kiosk  25.00 DKK

2018-08-10 * "Ello Food ApS" "Dagligvarer" #spiir
  spiir-id: "636695804347195032"
  Assets:Checking:Primary  -314.23 DKK
  Expenses:Food:Groceries  314.23 DKK

2018-08-11 * "MobilePay Crepes a la Cart Trailer" "" #spiir
  spiir-id: "636696517325960587"
  Assets:Checking:Primary  -85.00 DKK
  Expenses:Uncategorized  85.00 DKK

2018-08-11 * "MobilePay: Laura Alessandretti" "" #spiir
  spiir-id: "636696517325960588"
  Assets:Checking:Primary  40.00 DKK
  Expenses:Uncategorized  -40.00 DKK

2018-08-11 * "VDK DKK 325,01" "" #spiir
  spiir-id: "636697373693553584"
  Assets:Checking:Primary  -325.01 DKK
  Expenses:Uncategorized  325.01 DKK

2018-08-11 * "BEYTI ApS" "Fastfood & takeaway" #spiir
  spiir-id: "636697373693553585"
  Assets:Checking:Primary  -69.00 DKK
  Expenses:Food:Takeaway  69.00 DKK

2018-08-11 * "Fuego" "Bar, cafe & restaurant" #spiir
  spiir-id: "636697373693553586"
  Assets:Checking:Primary  -85.00 DKK
  Expenses:Food:Restaurant  85.00 DKK

2018-08-11 * "Fakta 324" "Dagligvarer" #spiir
  spiir-id: "636697373693553587"
  Assets:Checking:Primary  -70.90 DKK
  Expenses:Food:Groceries  70.90 DKK

2018-08-12 * "Copenhagen boulder" "Sport & fritid" #spiir
  spiir-id: "636697373693553588"
  Assets:Checking:Primary  -130.00 DKK
  Expenses:Entertainment:Sports  130.00 DKK

2018-08-12 * "SuperB Nørrebrogad" "Dagligvarer" #spiir
  spiir-id: "636697373693553589"
  Assets:Checking:Primary  -125.95 DKK
  Expenses:Food:Groceries  125.95 DKK

2018-08-13 * "toysrus.dk" "Gaver & velgørenhed" #spiir
  spiir-id: "636698330351740190"
  Assets:Checking:Primary  -293.00 DKK
  Expenses:Gifts  293.00 DKK

2018-08-14 * "VDK DKK 99,00" "Film, musik & læsestof" #spiir
  spiir-id: "636698330351740191"
  Assets:Checking:Primary  -99.00 DKK
  Expenses:Entertainment:Media  99.00 DKK

2018-08-14 * "MobilePay: Dessouky" "" #spiir
  spiir-id: "636698330351740192"
  Assets:Checking:Primary  109.00 DKK
  Expenses:Uncategorized  -109.00 DKK

2018-08-14 * "MobilePay Frisør Hans" "" #spiir
  spiir-id: "636698330351740193"
  Assets:Checking:Primary  -180.00 DKK
  Expenses:Uncategorized  180.00 DKK

2018-08-14 * "Copenhagen boulder" "Sport & fritid" #spiir
  spiir-id: "636699094033898202"
  Assets:Checking:Primary  -80.00 DKK
  Expenses:Entertainment:Sports  80.00 DKK

2018-08-15 * "VDK USD 17,19" "Film, musik & læsestof" #spiir
  spiir-id: "636699094033898203"
  Assets:Checking:Primary  -114.99 DKK
  Expenses:Entertainment:Media  114.99 DKK

2018-08-16 * "MobilePay Miklos Johnnes Aubert" "" #spiir
  spiir-id: "636700838082076815"
  Assets:Checking:Primary  -75.00 DKK
  Expenses:Uncategorized  75.00 DKK

2018-08-16 * "B-Wild" "Gaver & velgørenhed" #spiir
  spiir-id: "636700838082076816"
  Assets:Checking:Primary  -249.00 DKK
  Expenses:Gifts  249.00 DKK

2018-08-16 * "Flying Tiger Cph41" "" #spiir
  spiir-id: "636700838082076817"
  Assets:Checking:Primary  -9.99 DKK
  Expenses:Uncategorized  9.99 DKK

2018-08-16 * "MobilePay PsykologKontakten Arthur Stroud" "Behandling & læger" #spiir
  spiir-id: "636700838082076818"
  Assets:Checking:Primary  -1900.00 DKK
  Expenses:Health:Doctor  1900.00 DKK

2018-08-17 * "MobilePay Dan Meakin" "" #spiir
  spiir-id: "636701810977698330"
  Assets:Checking:Primary  -100.00 DKK
  Expenses:Uncategorized  100.00 DKK

2018-08-18 * "MobilePay Zaggis" "" #spiir
  spiir-id: "636701810977698331"
  Assets:Checking:Primary  -15.00 DKK
  Expenses:Uncategorized  15.00 DKK

2018-08-18 * "SuperB Nørrebrogad" "Dagligvarer" #spiir
  spiir-id: "636703466332515552"
  Assets:Checking:Primary  -128.70 DKK
  Expenses:Food:Groceries  128.70 DKK

2018-08-18 * "fjællræven epic st" "Tøj, sko & accessories" #spiir
  spiir-id: "636703466332515553"
  Assets:Checking:Primary  -1148.00 DKK
  Expenses:Shopping:Clothing  1148.00 DKK

2018-08-18 * "FRILUFTSLAND A/S" "Tøj, sko & accessories" #spiir
  spiir-id: "636703466332515554"
  Assets:Checking:Primary  -1105.20 DKK
  Expenses:Shopping:Clothing  1105.20 DKK

2018-08-18 * "Forlaget Tellerup" "Gaver & velgørenhed" #spiir
  spiir-id: "636703466332515555"
  Assets:Checking:Primary  -239.90 DKK
  Expenses:Gifts  239.90 DKK

2018-08-19 * "Copenhagen boulder" "Bar, cafe & restaurant" #spiir
  spiir-id: "636703466332515556"
  Assets:Checking:Primary  -55.00 DKK
  Expenses:Food:Restaurant  55.00 DKK

2018-08-19 * "Copenhagen boulder" "Bar, cafe & restaurant" #spiir
  spiir-id: "636703466332515557"
  Assets:Checking:Primary  -20.00 DKK
  Expenses:Food:Restaurant  20.00 DKK

2018-08-20 * "Telia Købmagergade" "Telefoni & internet" #spiir
  spiir-id: "636703953774800190"
  Assets:Checking:Primary  -298.00 DKK
  Expenses:Subscriptions:Telecom  298.00 DKK

2018-08-20 * "SuperB Nørrebrogad" "Dagligvarer" #spiir
  spiir-id: "636703953774800191"
  Assets:Checking:Primary  -51.70 DKK
  Expenses:Food:Groceries  51.70 DKK

2018-08-21 * "VDK DKK 70,00" "Ferieaktiviteter" #spiir
  spiir-id: "636704497902722419"
  Assets:Checking:Primary  -70.00 DKK
  Expenses:Travel:Activities  70.00 DKK

2018-08-21 * "MobilePay Lisa-Maria Bruns" "" #spiir
  spiir-id: "636704497902722420"
  Assets:Checking:Primary  -57.50 DKK
  Expenses:Uncategorized  57.50 DKK

2018-08-22 * "VDK DKK 129,00" "" #spiir
  spiir-id: "636705292811487432"
  Assets:Checking:Primary  -129.00 DKK
  Expenses:Uncategorized  129.00 DKK

2018-08-22 * "MobilePay: Pernille Livbjerg" "" #spiir
  spiir-id: "636705292811487433"
  Assets:Checking:Primary  100.00 DKK
  Expenses:Uncategorized  -100.00 DKK

2018-08-22 * "SuperB Nørrebrogad" "Dagligvarer" #spiir
  spiir-id: "636706145533801927"
  Assets:Checking:Primary  -25.00 DKK
  Expenses:Food:Groceries  25.00 DKK

2018-08-22 * "Ølbaren" "Bar, cafe & restaurant" #spiir
  spiir-id: "636706145533801928"
  Assets:Checking:Primary  -40.00 DKK
  Expenses:Food:Restaurant  40.00 DKK

2018-08-22 * "fjællræven epic st" "Tøj, sko & accessories" #spiir
  spiir-id: "636706145533801929"
  Assets:Checking:Primary  -249.00 DKK
  Expenses:Shopping:Clothing  249.00 DKK

2018-08-23 * "MobilePay: Ruth madsen" "" #spiir
  spiir-id: "636706145533801930"
  Assets:Checking:Primary  800.00 DKK
  Expenses:Uncategorized  -800.00 DKK

2018-08-23 * "MobilePay Mayra" "" #spiir
  spiir-id: "636706913599097958"
  Assets:Checking:Primary  -50.00 DKK
  Expenses:Uncategorized  50.00 DKK

2018-08-24 * "MobilePay Zaggis" "" #spiir
  spiir-id: "636707842470433412"
  Assets:Checking:Primary  -30.00 DKK
  Expenses:Uncategorized  30.00 DKK

2018-08-24 * "Take & Eat" "Fastfood & takeaway" #spiir
  spiir-id: "636707842470433413"
  Assets:Checking:Primary  -45.00 DKK
  Expenses:Food:Takeaway  45.00 DKK

2018-08-24 * "MobilePay Big Apple - Kronprinsessegade 2, Kbh K" "" #spiir
  spiir-id: "636707842470433414"
  Assets:Checking:Primary  -200.00 DKK
  Expenses:Uncategorized  200.00 DKK

2018-08-24 * "SKAAL" "Bar, cafe & restaurant" #spiir
  spiir-id: "636707842470433415"
  Assets:Checking:Primary  -296.00 DKK
  Expenses:Food:Restaurant  296.00 DKK

2018-08-24 * "SKAAL" "Bar, cafe & restaurant" #spiir
  spiir-id: "636707842470433416"
  Assets:Checking:Primary  -296.00 DKK
  Expenses:Food:Restaurant  296.00 DKK

2018-08-24 * "MobilePay Lars B. M. Kragh" "" #spiir
  spiir-id: "636707842470433417"
  Assets:Checking:Primary  -500.00 DKK
  Expenses:Uncategorized  500.00 DKK

2018-08-25 * "VDK EUR 186,87" "" #spiir
  spiir-id: "636709462267807670"
  Assets:Checking:Primary  -1415.08 DKK
  Expenses:Uncategorized  1415.08 DKK

2018-08-25 * "VDK EUR 101,45" "" #spiir
  spiir-id: "636709462267807671"
  Assets:Checking:Primary  -768.23 DKK
  Expenses:Uncategorized  768.23 DKK

2018-08-25 * "Dunkin Donuts HGB" "Kiosk, bager & specialbutikker" #spiir
  spiir-id: "636709462267807672"
  Assets:Checking:Primary  -123.00 DKK
  Expenses:Food:Kiosk  123.00 DKK

2018-08-26 * "MobilePay DSB" "" #spiir
  spiir-id: "636709462267807669"
  Assets:Checking:Primary  -1071.00 DKK
  Expenses:Uncategorized  1071.00 DKK

2018-08-26 * "REMA 1000 Strib" "Dagligvarer" #spiir
  spiir-id: "636709462267807673"
  Assets:Checking:Primary  -93.50 DKK
  Expenses:Food:Groceries  93.50 DKK

2018-08-26 * "SuperB Nørrebrogad" "Dagligvarer" #spiir
  spiir-id: "636709462267807674"
  Assets:Checking:Primary  -164.15 DKK
  Expenses:Food:Groceries  164.15 DKK

2018-08-27 * "Rejsekort - DSB" "Bus, tog, færge o.l." #spiir
  spiir-id: "636709462267807675"
  Assets:Checking:Primary  -300.00 DKK
  Expenses:Transport:Public  300.00 DKK

2018-08-28 * "VDK USD 7,00" "Online services & software" #spiir
  spiir-id: "636710291836122901"
  Assets:Checking:Primary  -46.18 DKK
  Expenses:Subscriptions:Software  46.18 DKK

2018-08-28 * "VDK DKK 15,00" "" #spiir
  spiir-id: "636710291836122905"
  Assets:Checking:Primary  -15.00 DKK
  Expenses:Uncategorized  15.00 DKK

2018-08-28 * "VDK DKK 45,00" "" #spiir
  spiir-id: "636710291836122907"
  Assets:Checking:Primary  -45.00 DKK
  Expenses:Uncategorized  45.00 DKK

2018-08-28 * "La Perla" "Bar, cafe & restaurant" #spiir
  spiir-id: "636712135418025066"
  Assets:Checking:Primary  -337.00 DKK
  Expenses:Food:Restaurant  337.00 DKK

2018-08-29 * "7-Eleven B 014" "Kiosk, bager & specialbutikker" #spiir
  spiir-id: "636712135418025067"
  Assets:Checking:Primary  -319.05 DKK
  Expenses:Food:Kiosk  319.05 DKK

2018-08-30 * "VDK DKK 40,00" "Bar, cafe & restaurant" #spiir
  spiir-id: "636712135418025068"
  Assets:Checking:Primary  -40.00 DKK
  Expenses:Food:Restaurant  40.00 DKK

2018-08-30 * "MobilePay: Mayra" "" #spiir
  spiir-id: "636712995822502507"
  Assets:Checking:Primary  2160.00 DKK
  Expenses:Uncategorized  -2160.00 DKK

2018-08-30 * "Juul's Vin & Spiri" "Gaver & velgørenhed" #spiir
  spiir-id: "636712995822502508"
  Assets:Checking:Primary  -239.00 DKK
  Expenses:Gifts  239.00 DKK

2018-08-30 * "Juul's Vin & Spiri" "Gaver & velgørenhed" #spiir
  spiir-id: "636712995822502509"
  Assets:Checking:Primary  -1851.10 DKK
  Expenses:Gifts  1851.10 DKK

2018-08-30 * "Lønoverførsel" "Løn" #spiir
  spiir-id: "636712995822502510"
  Assets:Checking:Primary  24112.33 DKK
  Income:Salary  -24112.33 DKK

2018-08-31 * "Fælledvej 1 husleje" "Boliglån/husleje" #spiir
  spiir-id: "636712995822502511"
  Assets:Checking:Primary  -6296.00 DKK
  Expenses:House:Mortgage  6296.00 DKK

2018-08-31 * "3´s Kortbetaling" "Telefoni & internet" #spiir
  spiir-id: "636713888535458346"
  Assets:Checking:Primary  -130.00 DKK
  Expenses:Subscriptions:Telecom  130.00 DKK

2018-09-01 * "MobilePay Kalles Kaffe" "" #spiir
  spiir-id: "636713888535458347"
  Assets:Checking:Primary  -70.00 DKK
  Expenses:Uncategorized  70.00 DKK

2018-09-01 * "MobilePay Morten Ankerstjerne" "" #spiir
  spiir-id: "636714765223271286"
  Assets:Checking:Primary  -291.17 DKK
  Expenses:Uncategorized  291.17 DKK

2018-09-01 * "VDK DKK 38,00" "Online services & software" #spiir
  spiir-id: "636715601454527147"
  Assets:Checking:Primary  -38.00 DKK
  Expenses:Subscriptions:Software  38.00 DKK

2018-09-01 * "Dbkk" "Sport & fritid" #spiir
  spiir-id: "636715601454527148"
  Assets:Checking:Primary  -395.00 DKK
  Expenses:Entertainment:Sports  395.00 DKK

2018-09-01 * "Egils Deli" "Bar, cafe & restaurant" #spiir
  spiir-id: "636715601454527149"
  Assets:Checking:Primary  -175.00 DKK
  Expenses:Food:Restaurant  175.00 DKK

2018-09-01 * "BLOX EATS Café" "Bar, cafe & restaurant" #spiir
  spiir-id: "636715601454527150"
  Assets:Checking:Primary  -39.00 DKK
  Expenses:Food:Restaurant  39.00 DKK

2018-09-02 * "Copenhagen boulder" "Sport & fritid" #spiir
  spiir-id: "636715601454527151"
  Assets:Checking:Primary  -110.00 DKK
  Expenses:Entertainment:Sports  110.00 DKK

2018-09-02 * "Yilans Cityshop" "Kiosk, bager & specialbutikker" #spiir
  spiir-id: "636715601454527152"
  Assets:Checking:Primary  -13.00 DKK
  Expenses:Food:Kiosk  13.00 DKK

2018-09-03 * "opsparing" "Anden opsparing" #spiir
  spiir-id: "636715601454527153"
  Assets:Checking:Primary  -5000.00 DKK
  Assets:Savings:Other  5000.00 DKK

2018-09-03 * "MobilePay: Dan Meakin" "" #spiir
  spiir-id: "636716535729457772"
  Assets:Checking:Primary  30.00 DKK
  Expenses:Uncategorized  -30.00 DKK

2018-09-03 * "RESSO Coffee AB" "Bar, cafe & restaurant" #spiir
  spiir-id: "636716535729457773"
  Assets:Checking:Primary  -66.00 DKK
  Expenses:Food:Restaurant  66.00 DKK

2018-09-03 * "SuperB Nørrebrogad" "Dagligvarer" #spiir
  spiir-id: "636716535729457774"
  Assets:Checking:Primary  -67.77 DKK
  Expenses:Food:Groceries  67.77 DKK

2018-09-04 * "VDK DKK 798,88" "" #spiir
  spiir-id: "636716535729457775"
  Assets:Checking:Primary  -798.88 DKK
  Expenses:Uncategorized  798.88 DKK

2018-09-05 * "MobilePay Jørn Schou-Rode" "" #spiir
  spiir-id: "636717373683437520"
  Assets:Checking:Primary  -175.00 DKK
  Expenses:Uncategorized  175.00 DKK

2018-09-05 * "Fakta 324" "Dagligvarer" #spiir
  spiir-id: "636718301173133019"
  Assets:Checking:Primary  -64.15 DKK
  Expenses:Food:Groceries  64.15 DKK

2018-09-05 * "SuperB Nørrebrogad" "Dagligvarer" #spiir
  spiir-id: "636718301173133020"
  Assets:Checking:Primary  -40.50 DKK
  Expenses:Food:Groceries  40.50 DKK

2018-09-05 * "Kajakhotellet" "Hobby & sportsudstyr" #spiir
  spiir-id: "636718301173133021"
  Assets:Checking:Primary  -35.00 DKK
  Expenses:Shopping:Sports  35.00 DKK

2018-09-06 * "Betal. 3825-0059761683" "" #spiir
  spiir-id: "636719026515910924"
  Assets:Checking:Primary  1371.00 DKK
  Expenses:Uncategorized  -1371.00 DKK

2018-09-07 * "MobilePay Orion Madsen" "" #spiir
  spiir-id: "636719026515910925"
  Assets:Checking:Primary  -600.00 DKK
  Expenses:Uncategorized  600.00 DKK

2018-09-07 * "MobilePay Astrid Birch Friis" "" #spiir
  spiir-id: "636719948400287998"
  Assets:Checking:Primary  -50.00 DKK
  Expenses:Uncategorized  50.00 DKK

2018-09-07 * "MobilePay: Jørn Schou-Rode" "" #spiir
  spiir-id: "636719948400287999"
  Assets:Checking:Primary  195.00 DKK
  Expenses:Uncategorized  -195.00 DKK

2018-09-07 * "MobilePay: Paulo José Meneses Ribeiro Da Cunha" "" #spiir
  spiir-id: "636719948400288000"
  Assets:Checking:Primary  195.00 DKK
  Expenses:Uncategorized  -195.00 DKK

2018-09-07 * "KIHOSKH A/S" "Kiosk, bager & specialbutikker" #spiir
  spiir-id: "636719948400288001"
  Assets:Checking:Primary  -116.00 DKK
  Expenses:Food:Kiosk  116.00 DKK

2018-09-08 * "MobilePay Zaggis" "" #spiir
  spiir-id: "636719948400288002"
  Assets:Checking:Primary  -15.00 DKK
  Expenses:Uncategorized  15.00 DKK

2018-09-08 * "MobilePay Toby Moore" "" #spiir
  spiir-id: "636721844081391640"
  Assets:Checking:Primary  -110.00 DKK
  Expenses:Uncategorized  110.00 DKK

2018-09-08 * "Dry & Bitter ApS" "Bar, cafe & restaurant" #spiir
  spiir-id: "636721844081391642"
  Assets:Checking:Primary  -35.00 DKK
  Expenses:Food:Restaurant  35.00 DKK

2018-09-08 * "7-Eleven B 014" "Kiosk, bager & specialbutikker" #spiir
  spiir-id: "636721844081391643"
  Assets:Checking:Primary  -107.85 DKK
  Expenses:Food:Kiosk  107.85 DKK

2018-09-08 * "Lagkagehuset" "Kiosk, bager & specialbutikker" #spiir
  spiir-id: "636721844081391644"
  Assets:Checking:Primary  -40.00 DKK
  Expenses:Food:Kiosk  40.00 DKK

2018-09-09 * "MobilePay: Miklos Johnnes Aubert" "" #spiir
  spiir-id: "636721844081391641"
  Assets:Checking:Primary  195.00 DKK
  Expenses:Uncategorized  -195.00 DKK

2018-09-09 * "Netto Nørrebrogade" "Dagligvarer" #spiir
  spiir-id: "636721844081391645"
  Assets:Checking:Primary  -8.95 DKK
  Expenses:Food:Groceries  8.95 DKK

2018-09-09 * "REMA 1000 Nørrebro" "Dagligvarer" #spiir
  spiir-id: "636721844081391646"
  Assets:Checking:Primary  -58.45 DKK
  Expenses:Food:Groceries  58.45 DKK

2018-09-10 * "MobilePay PsykologKontakten Arthur Stroud" "" #spiir
  spiir-id: "636721844081391647"
  Assets:Checking:Primary  -1150.00 DKK
  Expenses:Uncategorized  1150.00 DKK

2018-09-10 * "MobilePay PsykologKontakten Arthur Stroud" "" #spiir
  spiir-id: "636721844081391648"
  Assets:Checking:Primary  -1150.00 DKK
  Expenses:Uncategorized  1150.00 DKK

2018-09-10 * "SuperB Nørrebrogad" "Dagligvarer" #spiir
  spiir-id: "636722536701035920"
  Assets:Checking:Primary  -70.95 DKK
  Expenses:Food:Groceries  70.95 DKK

2018-09-11 * "VDK DKK 145,00" "" #spiir
  spiir-id: "636722536701035921"
  Assets:Checking:Primary  -145.00 DKK
  Expenses:Uncategorized  145.00 DKK

2018-09-11 * "VDK DKK 780,00" "" #spiir
  spiir-id: "636722536701035922"
  Assets:Checking:Primary  -780.00 DKK
  Expenses:Uncategorized  780.00 DKK

2018-09-11 * "VDK DKK 2,85" "" #spiir
  spiir-id: "636722536701035923"
  Assets:Checking:Primary  -2.85 DKK
  Expenses:Uncategorized  2.85 DKK

2018-09-11 * "MobilePay Mathias Vidas Olsen" "" #spiir
  spiir-id: "636723360256990352"
  Assets:Checking:Primary  -200.00 DKK
  Expenses:Uncategorized  200.00 DKK

2018-09-12 * "Dansk Bjergklub" "Bar, cafe & restaurant" #spiir
  spiir-id: "636724393485451512"
  Assets:Checking:Primary  -35.00 DKK
  Expenses:Food:Restaurant  35.00 DKK

2018-09-13 * "NonSolo Pizza" "Fastfood & takeaway" #spiir
  spiir-id: "636725203299251295"
  Assets:Checking:Primary  -80.00 DKK
  Expenses:Food:Takeaway  80.00 DKK

2018-09-14 * "VDK DKK 99,00" "Film, musik & læsestof" #spiir
  spiir-id: "636725203299251296"
  Assets:Checking:Primary  -99.00 DKK
  Expenses:Entertainment:Media  99.00 DKK

2018-09-14 * "Gammel Strand" "Bar, cafe & restaurant" #spiir
  spiir-id: "636726105027134259"
  Assets:Checking:Primary  -212.70 DKK
  Expenses:Food:Restaurant  212.70 DKK

2018-09-15 * "MobilePay: Dan Meakin" "" #spiir
  spiir-id: "636726843257537424"
  Assets:Checking:Primary  53.00 DKK
  Expenses:Uncategorized  -53.00 DKK

2018-09-15 * "VDK USD 17,19" "Film, musik & læsestof" #spiir
  spiir-id: "636727770363274487"
  Assets:Checking:Primary  -112.67 DKK
  Expenses:Entertainment:Media  112.67 DKK

2018-09-16 * "Friheden KBH" "Bar, cafe & restaurant" #spiir
  spiir-id: "636727770363274488"
  Assets:Checking:Primary  -240.00 DKK
  Expenses:Food:Restaurant  240.00 DKK

2018-09-16 * "Copenhagen boulder" "Bar, cafe & restaurant" #spiir
  spiir-id: "636727770363274489"
  Assets:Checking:Primary  -20.00 DKK
  Expenses:Food:Restaurant  20.00 DKK

2018-09-17 * "MobilePay: Mads Godvin Jensen" "" #spiir
  spiir-id: "636728421891647189"
  Assets:Checking:Primary  53.00 DKK
  Expenses:Uncategorized  -53.00 DKK

2018-09-17 * "MobilePay Dessouky" "" #spiir
  spiir-id: "636728421891647190"
  Assets:Checking:Primary  -200.00 DKK
  Expenses:Uncategorized  200.00 DKK

2018-09-17 * "SuperB Nørrebrogad" "Dagligvarer" #spiir
  spiir-id: "636728421891647191"
  Assets:Checking:Primary  -69.65 DKK
  Expenses:Food:Groceries  69.65 DKK

2018-09-18 * "RESSO Coffee AB" "Bar, cafe & restaurant" #spiir
  spiir-id: "636729624116270032"
  Assets:Checking:Primary  -36.00 DKK
  Expenses:Food:Restaurant  36.00 DKK

2018-09-18 * "Mikkeller Meatpack" "" #spiir
  spiir-id: "636729624116270033"
  Assets:Checking:Primary  -241.00 DKK
  Expenses:Uncategorized  241.00 DKK

2018-09-18 * "MobilePay: Paulo José Meneses Ribeiro Da Cunha" "" #spiir
  spiir-id: "636729624116270034"
  Assets:Checking:Primary  39.00 DKK
  Expenses:Uncategorized  -39.00 DKK

2018-09-18 * "MobilePay: Paulo José Meneses Ribeiro Da Cunha" "" #spiir
  spiir-id: "636729624116270035"
  Assets:Checking:Primary  50.00 DKK
  Expenses:Uncategorized  -50.00 DKK

2018-09-19 * "MobilePay: Neal Stewart" "" #spiir
  spiir-id: "636729624116270036"
  Assets:Checking:Primary  53.00 DKK
  Expenses:Uncategorized  -53.00 DKK

2018-09-19 * "THE COFFEE COLLECT" "Bar, cafe & restaurant" #spiir
  spiir-id: "636729624116270037"
  Assets:Checking:Primary  -35.00 DKK
  Expenses:Food:Restaurant  35.00 DKK

2018-09-19 * "KUNST OG KØKKENTØJ" "Møbler & boligudstyr" #spiir
  spiir-id: "636729624116270038"
  Assets:Checking:Primary  -55.00 DKK
  Expenses:Shopping:Furniture  55.00 DKK

2018-09-19 * "SuperB Nørrebrogad" "Dagligvarer" #spiir
  spiir-id: "636730269743185802"
  Assets:Checking:Primary  -124.40 DKK
  Expenses:Food:Groceries  124.40 DKK

2018-09-19 * "MobilePay: Laura Alessandretti" "" #spiir
  spiir-id: "636730269743185803"
  Assets:Checking:Primary  50.00 DKK
  Expenses:Uncategorized  -50.00 DKK

2018-09-21 * "THAI & CHINESE" "Fastfood & takeaway" #spiir
  spiir-id: "636732117280474711"
  Assets:Checking:Primary  -20.00 DKK
  Expenses:Food:Takeaway  20.00 DKK

2018-09-21 * "HIND MARKED" "Dagligvarer" #spiir
  spiir-id: "636732117280474712"
  Assets:Checking:Primary  -23.00 DKK
  Expenses:Food:Groceries  23.00 DKK

2018-09-22 * "Aldi 032" "Dagligvarer" #spiir
  spiir-id: "636733786163517355"
  Assets:Checking:Primary  -71.90 DKK
  Expenses:Food:Groceries  71.90 DKK

2018-09-22 * "BLOX EATS Café" "Bar, cafe & restaurant" #spiir
  spiir-id: "636733786163517356"
  Assets:Checking:Primary  -39.00 DKK
  Expenses:Food:Restaurant  39.00 DKK

2018-09-23 * "MobilePay: Morten Bang" "" #spiir
  spiir-id: "636732926845468555"
  Assets:Checking:Primary  400.00 DKK
  Expenses:Uncategorized  -400.00 DKK

2018-09-23 * "MobilePay: Morten Bang" "" #spiir
  spiir-id: "636732926845468556"
  Assets:Checking:Primary  60.00 DKK
  Expenses:Uncategorized  -60.00 DKK

2018-09-23 * "Himmeriget" "Bar, cafe & restaurant" #spiir
  spiir-id: "636733786163517357"
  Assets:Checking:Primary  -120.00 DKK
  Expenses:Food:Restaurant  120.00 DKK

2018-09-23 * "Gensyn" "Bar, cafe & restaurant" #spiir
  spiir-id: "636733786163517358"
  Assets:Checking:Primary  -835.00 DKK
  Expenses:Food:Restaurant  835.00 DKK

2018-09-23 * "BEYTI ApS" "Fastfood & takeaway" #spiir
  spiir-id: "636733786163517359"
  Assets:Checking:Primary  -36.00 DKK
  Expenses:Food:Takeaway  36.00 DKK

2018-09-25 * "VDK DKK 599,00" "Tøj, sko & accessories" #spiir
  spiir-id: "636734727211446072"
  Assets:Checking:Primary  -599.00 DKK
  Expenses:Shopping:Clothing  599.00 DKK

2018-09-25 * "VDK USD 428,00" "" #spiir
  spiir-id: "636734727211446073"
  Assets:Checking:Primary  -2775.51 DKK
  Expenses:Uncategorized  2775.51 DKK

2018-09-25 * "MobilePay Zaggis" "" #spiir
  spiir-id: "636734727211446074"
  Assets:Checking:Primary  -15.00 DKK
  Expenses:Uncategorized  15.00 DKK

2018-09-25 * "SuperB Nørrebrogad" "Dagligvarer" #spiir
  spiir-id: "636735603535647266"
  Assets:Checking:Primary  -61.20 DKK
  Expenses:Food:Groceries  61.20 DKK

2018-09-26 * "VDK USD 7,00" "Online services & software" #spiir
  spiir-id: "636735603535647267"
  Assets:Checking:Primary  -45.43 DKK
  Expenses:Subscriptions:Software  45.43 DKK

2018-09-27 * "MobilePay Frisør Hans" "" #spiir
  spiir-id: "636737063452326964"
  Assets:Checking:Primary  -180.00 DKK
  Expenses:Uncategorized  180.00 DKK

2018-09-27 * "Lønoverførsel" "Løn" #spiir
  spiir-id: "636737063452326965"
  Assets:Checking:Primary  24112.33 DKK
  Income:Salary  -24112.33 DKK

2018-09-28 * "VDK DKK 140,00" "" #spiir
  spiir-id: "636737063452326966"
  Assets:Checking:Primary  -140.00 DKK
  Expenses:Uncategorized  140.00 DKK

2018-09-28 * "VDK DKK 20,00" "Film, musik & læsestof" #spiir
  spiir-id: "636737063452326967"
  Assets:Checking:Primary  -20.00 DKK
  Expenses:Entertainment:Media  20.00 DKK

2018-09-28 * "Fælledvej 1 husleje" "Boliglån/husleje" #spiir
  spiir-id: "636737063452326968"
  Assets:Checking:Primary  -6296.00 DKK
  Expenses:House:Mortgage  6296.00 DKK

2018-09-28 * "Nørrebro Apotek v/" "Apotek & medicin" #spiir
  spiir-id: "636738079709383080"
  Assets:Checking:Primary  -124.95 DKK
  Expenses:Health:Pharmacy  124.95 DKK

2018-09-28 * "3´s Kortbetaling" "Telefoni & internet" #spiir
  spiir-id: "636738079709383081"
  Assets:Checking:Primary  -130.00 DKK
  Expenses:Subscriptions:Telecom  130.00 DKK

2018-09-28 * "Gebyrer i alt" "Bankgebyrer" #spiir
  spiir-id: "636738079709383082"
  Assets:Checking:Primary  -90.00 DKK
  Expenses:Bank:Fees  90.00 DKK

2018-09-29 * "MobilePay Dan Meakin" "" #spiir
  spiir-id: "636738857622523674"
  Assets:Checking:Primary  -100.00 DKK
  Expenses:Uncategorized  100.00 DKK

2018-09-29 * "VDK DKK 30,00" "Ferieaktiviteter" #spiir
  spiir-id: "636739927522139170"
  Assets:Checking:Primary  -30.00 DKK
  Expenses:Travel:Activities  30.00 DKK

2018-09-29 * "Akademikernes A-Kasse" "Fagforening & a-kasse" #spiir
  spiir-id: "636739927522139171"
  Assets:Checking:Primary  -1308.00 DKK
  Expenses:Insurance:Union  1308.00 DKK

2018-09-29 * "Fiol Optik" "Briller & kontaktlinser" #spiir
  spiir-id: "636739927522139172"
  Assets:Checking:Primary  -990.00 DKK
  Expenses:Health:Vision  990.00 DKK

2018-09-29 * "HIND MARKED" "Dagligvarer" #spiir
  spiir-id: "636739927522139173"
  Assets:Checking:Primary  -70.00 DKK
  Expenses:Food:Groceries  70.00 DKK

2018-09-29 * "SuperB Nørrebrogad" "Dagligvarer" #spiir
  spiir-id: "636739927522139174"
  Assets:Checking:Primary  -255.60 DKK
  Expenses:Food:Groceries  255.60 DKK

2018-10-01 * "opsparing" "Anden opsparing" #spiir
  spiir-id: "636739927522139175"
  Assets:Checking:Primary  -5000.00 DKK
  Assets:Savings:Other  5000.00 DKK

2018-10-01 * "VAISENHUS APOTEK" "Apotek & medicin" #spiir
  spiir-id: "636740625231945934"
  Assets:Checking:Primary  -61.45 DKK
  Expenses:Health:Pharmacy  61.45 DKK

2018-10-02 * "VDK DKK 30,00" "Ferieaktiviteter" #spiir
  spiir-id: "636740625231945935"
  Assets:Checking:Primary  -30.00 DKK
  Expenses:Travel:Activities  30.00 DKK

2018-10-02 * "VDK DKK 30,00" "Ferieaktiviteter" #spiir
  spiir-id: "636740625231945936"
  Assets:Checking:Primary  -30.00 DKK
  Expenses:Travel:Activities  30.00 DKK

2018-10-02 * "MobilePay: Steen Voersaa" "" #spiir
  spiir-id: "636742408280261883"
  Assets:Checking:Primary  40.00 DKK
  Expenses:Uncategorized  -40.00 DKK

2018-10-02 * "Gebr. Heinemann" "Bar, cafe & restaurant" #spiir
  spiir-id: "636742408280261884"
  Assets:Checking:Primary  -88.00 DKK
  Expenses:Food:Restaurant  88.00 DKK

2018-10-04 * "VDK EUR 9,40" "Ferieaktiviteter" #spiir
  spiir-id: "636742408280261885"
  Assets:Checking:Primary  -71.15 DKK
  Expenses:Travel:Activities  71.15 DKK

2018-10-04 * "VDK EUR 10,60" "Ferieaktiviteter" #spiir
  spiir-id: "636742408280261886"
  Assets:Checking:Primary  -80.24 DKK
  Expenses:Travel:Activities  80.24 DKK

2018-10-04 * "VDK EUR 4,18" "Ferieaktiviteter" #spiir
  spiir-id: "636742408280261887"
  Assets:Checking:Primary  -31.64 DKK
  Expenses:Travel:Activities  31.64 DKK

2018-10-04 * "fjællræven epic st" "Tøj, sko & accessories" #spiir
  spiir-id: "636743409932820781"
  Assets:Checking:Primary  -299.00 DKK
  Expenses:Shopping:Clothing  299.00 DKK

2018-10-05 * "VDK EUR 5,70" "Ferieaktiviteter" #spiir
  spiir-id: "636743409932820782"
  Assets:Checking:Primary  -43.15 DKK
  Expenses:Travel:Activities  43.15 DKK

2018-10-05 * "VDK EUR 2,10" "Ferieaktiviteter" #spiir
  spiir-id: "636743409932820783"
  Assets:Checking:Primary  -15.89 DKK
  Expenses:Travel:Activities  15.89 DKK

2018-10-05 * "VDK EUR 7,82" "" #spiir
  spiir-id: "636743409932820784"
  Assets:Checking:Primary  -59.19 DKK
  Expenses:Uncategorized  59.19 DKK

2018-10-05 * "VDK EUR 2,50" "Ferieaktiviteter" #spiir
  spiir-id: "636743409932820785"
  Assets:Checking:Primary  -18.93 DKK
  Expenses:Travel:Activities  18.93 DKK

2018-10-05 * "VDK EUR 48,50" "Ferieaktiviteter" #spiir
  spiir-id: "636743409932820786"
  Assets:Checking:Primary  -367.15 DKK
  Expenses:Travel:Activities  367.15 DKK

2018-10-05 * "VDK EUR 2,40" "Ferieaktiviteter" #spiir
  spiir-id: "636743409932820787"
  Assets:Checking:Primary  -18.17 DKK
  Expenses:Travel:Activities  18.17 DKK

2018-10-05 * "VDK EUR 2,40" "Ferieaktiviteter" #spiir
  spiir-id: "636743409932820788"
  Assets:Checking:Primary  -18.17 DKK
  Expenses:Travel:Activities  18.17 DKK

2018-10-05 * "VDK EUR 6,45" "Ferieaktiviteter" #spiir
  spiir-id: "636743409932820789"
  Assets:Checking:Primary  -48.82 DKK
  Expenses:Travel:Activities  48.82 DKK

2018-10-05 * "VDK EUR 27,00" "Ferieaktiviteter" #spiir
  spiir-id: "636743409932820790"
  Assets:Checking:Primary  -204.39 DKK
  Expenses:Travel:Activities  204.39 DKK

2018-10-05 * "ILLUM" "Tøj, sko & accessories" #spiir
  spiir-id: "636743409932820791"
  Assets:Checking:Primary  -68.00 DKK
  Expenses:Shopping:Clothing  68.00 DKK

2018-10-05 * "MobilePay: Paulo José Meneses Ribeiro Da Cunha" "" #spiir
  spiir-id: "636744231628202527"
  Assets:Checking:Primary  125.00 DKK
  Expenses:Uncategorized  -125.00 DKK

2018-10-05 * "MobilePay: Dessouky" "" #spiir
  spiir-id: "636744231628202528"
  Assets:Checking:Primary  135.00 DKK
  Expenses:Uncategorized  -135.00 DKK

2018-10-05 * "MobilePay: David" "" #spiir
  spiir-id: "636744231628202529"
  Assets:Checking:Primary  119.00 DKK
  Expenses:Uncategorized  -119.00 DKK

2018-10-05 * "MobilePay: Stefano Pretto" "" #spiir
  spiir-id: "636744231628202530"
  Assets:Checking:Primary  130.00 DKK
  Expenses:Uncategorized  -130.00 DKK

2018-10-05 * "MobilePay: Toby Moore" "" #spiir
  spiir-id: "636744231628202531"
  Assets:Checking:Primary  119.00 DKK
  Expenses:Uncategorized  -119.00 DKK

2018-10-05 * "MobilePay: Allan Frese" "" #spiir
  spiir-id: "636744231628202532"
  Assets:Checking:Primary  138.00 DKK
  Expenses:Uncategorized  -138.00 DKK

2018-10-05 * "MobilePay: Morten Badensø" "" #spiir
  spiir-id: "636744231628202533"
  Assets:Checking:Primary  109.00 DKK
  Expenses:Uncategorized  -109.00 DKK

2018-10-05 * "MobilePay: Martin Andersen" "" #spiir
  spiir-id: "636744231628202534"
  Assets:Checking:Primary  138.00 DKK
  Expenses:Uncategorized  -138.00 DKK

2018-10-05 * "MobilePay: Dan Meakin" "" #spiir
  spiir-id: "636744231628202535"
  Assets:Checking:Primary  252.00 DKK
  Expenses:Uncategorized  -252.00 DKK

2018-10-05 * "The Jane 2013 ApS" "Bar, cafe & restaurant" #spiir
  spiir-id: "636745979012431769"
  Assets:Checking:Primary  -140.00 DKK
  Expenses:Food:Restaurant  140.00 DKK

2018-10-06 * "MobilePay: Morten Badensø" "" #spiir
  spiir-id: "636744231628202536"
  Assets:Checking:Primary  10.00 DKK
  Expenses:Uncategorized  -10.00 DKK

2018-10-06 * "MobilePay: Martin Andersen" "" #spiir
  spiir-id: "636744231628202537"
  Assets:Checking:Primary  11.08 DKK
  Expenses:Uncategorized  -11.08 DKK

2018-10-06 * "MobilePay: Neal Stewart" "" #spiir
  spiir-id: "636744231628202538"
  Assets:Checking:Primary  125.00 DKK
  Expenses:Uncategorized  -125.00 DKK

2018-10-06 * "MobilePay: Dessouky" "" #spiir
  spiir-id: "636744231628202539"
  Assets:Checking:Primary  14.00 DKK
  Expenses:Uncategorized  -14.00 DKK

2018-10-06 * "MobilePay: Dan Meakin" "" #spiir
  spiir-id: "636744849775956195"
  Assets:Checking:Primary  7.15 DKK
  Expenses:Uncategorized  -7.15 DKK

2018-10-06 * "VDK EUR 6,96" "" #spiir
  spiir-id: "636745979012431770"
  Assets:Checking:Primary  -52.69 DKK
  Expenses:Uncategorized  52.69 DKK

2018-10-06 * "VDK DKK 100,00" "Tøj, sko & accessories" #spiir
  spiir-id: "636745979012431771"
  Assets:Checking:Primary  -100.00 DKK
  Expenses:Shopping:Clothing  100.00 DKK

2018-10-06 * "VDK EUR 4,62" "" #spiir
  spiir-id: "636745979012431772"
  Assets:Checking:Primary  -34.98 DKK
  Expenses:Uncategorized  34.98 DKK

2018-10-06 * "VDK EUR 2,00" "Ferieaktiviteter" #spiir
  spiir-id: "636745979012431773"
  Assets:Checking:Primary  -15.14 DKK
  Expenses:Travel:Activities  15.14 DKK

2018-10-06 * "VDK EUR 6,00" "Ferieaktiviteter" #spiir
  spiir-id: "636745979012431774"
  Assets:Checking:Primary  -45.42 DKK
  Expenses:Travel:Activities  45.42 DKK

2018-10-06 * "VDK EUR 3,60" "Ferieaktiviteter" #spiir
  spiir-id: "636745979012431775"
  Assets:Checking:Primary  -27.25 DKK
  Expenses:Travel:Activities  27.25 DKK

2018-10-06 * "VDK EUR 44,05" "Ferieaktiviteter" #spiir
  spiir-id: "636745979012431776"
  Assets:Checking:Primary  -333.47 DKK
  Expenses:Travel:Activities  333.47 DKK

2018-10-06 * "fjællræven epic st" "Tøj, sko & accessories" #spiir
  spiir-id: "636745979012431777"
  Assets:Checking:Primary  -314.10 DKK
  Expenses:Shopping:Clothing  314.10 DKK

2018-10-06 * "FRILUFTSLAND A/S" "Tøj, sko & accessories" #spiir
  spiir-id: "636745979012431778"
  Assets:Checking:Primary  -40.00 DKK
  Expenses:Shopping:Clothing  40.00 DKK

2018-10-06 * "KENNEDYS IRISH BAR" "Bar, cafe & restaurant" #spiir
  spiir-id: "636745979012431779"
  Assets:Checking:Primary  -50.00 DKK
  Expenses:Food:Restaurant  50.00 DKK

2018-10-06 * "KENNEDYS IRISH BAR" "Bar, cafe & restaurant" #spiir
  spiir-id: "636745979012431780"
  Assets:Checking:Primary  -49.00 DKK
  Expenses:Food:Restaurant  49.00 DKK

2018-10-06 * "Din Nye Ven" "Bar, cafe & restaurant" #spiir
  spiir-id: "636745979012431781"
  Assets:Checking:Primary  -58.00 DKK
  Expenses:Food:Restaurant  58.00 DKK

2018-10-07 * "Jagger Junk ApS" "Bar, cafe & restaurant" #spiir
  spiir-id: "636745979012431782"
  Assets:Checking:Primary  -110.00 DKK
  Expenses:Food:Restaurant  110.00 DKK

2018-10-07 * "7-Eleven B 050" "Kiosk, bager & specialbutikker" #spiir
  spiir-id: "636745979012431783"
  Assets:Checking:Primary  -44.50 DKK
  Expenses:Food:Kiosk  44.50 DKK

2018-10-07 * "MTB-tours" "Sport & fritid" #spiir
  spiir-id: "636745979012431784"
  Assets:Checking:Primary  -250.00 DKK
  Expenses:Entertainment:Sports  250.00 DKK

2018-10-07 * "Fakta 324" "Dagligvarer" #spiir
  spiir-id: "636745979012431785"
  Assets:Checking:Primary  -113.80 DKK
  Expenses:Food:Groceries  113.80 DKK

2018-10-08 * "MobilePay Jes Carlskov" "" #spiir
  spiir-id: "636745979012431786"
  Assets:Checking:Primary  -35.00 DKK
  Expenses:Uncategorized  35.00 DKK

2018-10-08 * "MobilePay: David" "" #spiir
  spiir-id: "636745979012431787"
  Assets:Checking:Primary  6.08 DKK
  Expenses:Uncategorized  -6.08 DKK

2018-10-08 * "MobilePay: Stefano Pretto" "" #spiir
  spiir-id: "636745979012431788"
  Assets:Checking:Primary  15.00 DKK
  Expenses:Uncategorized  -15.00 DKK

2018-10-08 * "MobilePay: Toby Moore" "" #spiir
  spiir-id: "636745979012431789"
  Assets:Checking:Primary  6.08 DKK
  Expenses:Uncategorized  -6.08 DKK

2018-10-08 * "HIND MARKED" "Dagligvarer" #spiir
  spiir-id: "636746879146629268"
  Assets:Checking:Primary  -115.00 DKK
  Expenses:Food:Groceries  115.00 DKK

2018-10-09 * "VDK DKK 1815,00" "" #spiir
  spiir-id: "636746879146629269"
  Assets:Checking:Primary  -1815.00 DKK
  Expenses:Uncategorized  1815.00 DKK

2018-10-09 * "VDK EUR 14,60" "Ferieaktiviteter" #spiir
  spiir-id: "636746879146629270"
  Assets:Checking:Primary  -110.56 DKK
  Expenses:Travel:Activities  110.56 DKK

2018-10-09 * "VDK DKK 35,00" "" #spiir
  spiir-id: "636746879146629271"
  Assets:Checking:Primary  -35.00 DKK
  Expenses:Uncategorized  35.00 DKK

2018-10-10 * "Fakta 324" "Dagligvarer" #spiir
  spiir-id: "636748300983428801"
  Assets:Checking:Primary  -69.00 DKK
  Expenses:Food:Groceries  69.00 DKK

2018-10-11 * "MobilePay Tina Jensen" "" #spiir
  spiir-id: "636749347789359202"
  Assets:Checking:Primary  -75.00 DKK
  Expenses:Uncategorized  75.00 DKK

2018-10-11 * "MobilePay: Thilde Gehrke" "" #spiir
  spiir-id: "636749347789359203"
  Assets:Checking:Primary  50.00 DKK
  Expenses:Uncategorized  -50.00 DKK

2018-10-11 * "Den Kinesiske Købm" "Dagligvarer" #spiir
  spiir-id: "636749347789359204"
  Assets:Checking:Primary  -109.00 DKK
  Expenses:Food:Groceries  109.00 DKK

2018-10-11 * "MobilePay: Inga Cesnuleviciute" "" #spiir
  spiir-id: "636749347789359205"
  Assets:Checking:Primary  100.00 DKK
  Expenses:Uncategorized  -100.00 DKK

2018-10-11 * "MobilePay: Louise S" "" #spiir
  spiir-id: "636749347789359206"
  Assets:Checking:Primary  100.00 DKK
  Expenses:Uncategorized  -100.00 DKK

2018-10-11 * "MobilePay: Rick Marker" "" #spiir
  spiir-id: "636749347789359207"
  Assets:Checking:Primary  100.00 DKK
  Expenses:Uncategorized  -100.00 DKK

2018-10-11 * "THAI & CHINESE" "Fastfood & takeaway" #spiir
  spiir-id: "636749347789359208"
  Assets:Checking:Primary  -69.00 DKK
  Expenses:Food:Takeaway  69.00 DKK

2018-10-12 * "MobilePay ORIGINAL COFFEE DOSSERINGEN" "" #spiir
  spiir-id: "636749347789359209"
  Assets:Checking:Primary  -34.00 DKK
  Expenses:Uncategorized  34.00 DKK

2018-10-12 * "Milena" "" #spiir
  spiir-id: "636749347789359210"
  Assets:Checking:Primary  100.00 DKK
  Expenses:Uncategorized  -100.00 DKK

2018-10-12 * "VAISENHUS APOTEK" "Apotek & medicin" #spiir
  spiir-id: "636750115975089500"
  Assets:Checking:Primary  -72.95 DKK
  Expenses:Health:Pharmacy  72.95 DKK

2018-10-12 * "MobilePay: Gunnar Davíð Gunnarsson" "" #spiir
  spiir-id: "636750115975089501"
  Assets:Checking:Primary  100.00 DKK
  Expenses:Uncategorized  -100.00 DKK

2018-10-12 * "MobilePay Gunnar Davíð Gunnarsson" "" #spiir
  spiir-id: "636750115975089502"
  Assets:Checking:Primary  -80.00 DKK
  Expenses:Uncategorized  80.00 DKK

2018-10-12 * "Lo-Jos Social" "Bar, cafe & restaurant" #spiir
  spiir-id: "636750115975089503"
  Assets:Checking:Primary  -160.00 DKK
  Expenses:Food:Restaurant  160.00 DKK

2018-10-13 * "MobilePay: Miklos Johnnes Aubert" "" #spiir
  spiir-id: "636751023422726488"
  Assets:Checking:Primary  100.00 DKK
  Expenses:Uncategorized  -100.00 DKK

2018-10-13 * "MobilePay Siri S" "" #spiir
  spiir-id: "636751023422726489"
  Assets:Checking:Primary  -450.00 DKK
  Expenses:Uncategorized  450.00 DKK

2018-10-13 * "Lo-Jos Social" "Bar, cafe & restaurant" #spiir
  spiir-id: "636751993535077013"
  Assets:Checking:Primary  -160.00 DKK
  Expenses:Food:Restaurant  160.00 DKK

2018-10-13 * "Take & Eat" "Fastfood & takeaway" #spiir
  spiir-id: "636751993535077014"
  Assets:Checking:Primary  -38.00 DKK
  Expenses:Food:Takeaway  38.00 DKK

2018-10-13 * "PLINT" "Møbler & boligudstyr" #spiir
  spiir-id: "636751993535077015"
  Assets:Checking:Primary  -185.91 DKK
  Expenses:Shopping:Furniture  185.91 DKK

2018-10-13 * "BERING HOUSE OF FL" "Gaver & velgørenhed" #spiir
  spiir-id: "636751993535077016"
  Assets:Checking:Primary  -155.55 DKK
  Expenses:Gifts  155.55 DKK

2018-10-13 * "AC Blomst ApS" "Gaver & velgørenhed" #spiir
  spiir-id: "636751993535077017"
  Assets:Checking:Primary  -90.00 DKK
  Expenses:Gifts  90.00 DKK

2018-10-13 * "Coffee Factory Swe" "Bar, cafe & restaurant" #spiir
  spiir-id: "636751993535077018"
  Assets:Checking:Primary  -35.00 DKK
  Expenses:Food:Restaurant  35.00 DKK

2018-10-14 * "1420" "Bar, cafe & restaurant" #spiir
  spiir-id: "636751993535077019"
  Assets:Checking:Primary  -105.00 DKK
  Expenses:Food:Restaurant  105.00 DKK

2018-10-14 * "Wefood Nørrebro" "Dagligvarer" #spiir
  spiir-id: "636751993535077020"
  Assets:Checking:Primary  -21.00 DKK
  Expenses:Food:Groceries  21.00 DKK

2018-10-15 * "MobilePay Lisa-Maria Bruns" "" #spiir
  spiir-id: "636751993535077021"
  Assets:Checking:Primary  -38.00 DKK
  Expenses:Uncategorized  38.00 DKK

2018-10-16 * "Dansk Bjergklub" "Sport & fritid" #spiir
  spiir-id: "636752826536656899"
  Assets:Checking:Primary  -52.00 DKK
  Expenses:Entertainment:Sports  52.00 DKK

2018-10-16 * "VDK DKK 150,00" "" #spiir
  spiir-id: "636752826536656900"
  Assets:Checking:Primary  -150.00 DKK
  Expenses:Uncategorized  150.00 DKK

2018-10-16 * "VDK USD 17,19" "Film, musik & læsestof" #spiir
  spiir-id: "636752826536656901"
  Assets:Checking:Primary  -113.40 DKK
  Expenses:Entertainment:Media  113.40 DKK

2018-10-16 * "VDK DKK 99,00" "Film, musik & læsestof" #spiir
  spiir-id: "636752826536656902"
  Assets:Checking:Primary  -99.00 DKK
  Expenses:Entertainment:Media  99.00 DKK

2018-10-16 * "MobilePay Gail Hutton" "" #spiir
  spiir-id: "636752826536656903"
  Assets:Checking:Primary  -75.00 DKK
  Expenses:Uncategorized  75.00 DKK

2018-10-16 * "fjællræven epic st" "Tøj, sko & accessories" #spiir
  spiir-id: "636753677372894321"
  Assets:Checking:Primary  -1079.10 DKK
  Expenses:Shopping:Clothing  1079.10 DKK

2018-10-16 * "Til Opsparing" "Anden opsparing" #spiir
  spiir-id: "636753677372894322"
  Assets:Checking:Primary  -1000.00 DKK
  Assets:Savings:Other  1000.00 DKK

2018-10-17 * "VDK USD 14,00" "Ferieaktiviteter" #spiir
  spiir-id: "636753677372894323"
  Assets:Checking:Primary  -92.35 DKK
  Expenses:Travel:Activities  92.35 DKK

2018-10-17 * "MobilePay: Bang" "" #spiir
  spiir-id: "636754556723366285"
  Assets:Checking:Primary  275.00 DKK
  Expenses:Uncategorized  -275.00 DKK

2018-10-17 * "Himmeriget" "Bar, cafe & restaurant" #spiir
  spiir-id: "636754556723366286"
  Assets:Checking:Primary  -545.00 DKK
  Expenses:Food:Restaurant  545.00 DKK

2018-10-19 * "VDK DKK 35,00" "" #spiir
  spiir-id: "636755506540134355"
  Assets:Checking:Primary  -35.00 DKK
  Expenses:Uncategorized  35.00 DKK

2018-10-19 * "Vinoble skt. Petri" "Tobak & alkohol" #spiir
  spiir-id: "636755506540134356"
  Assets:Checking:Primary  -404.00 DKK
  Expenses:Food:Alcohol  404.00 DKK

2018-10-20 * "MobilePay: Gunnar Davíð Gunnarsson" "" #spiir
  spiir-id: "636756317493680962"
  Assets:Checking:Primary  60.00 DKK
  Expenses:Uncategorized  -60.00 DKK

2018-10-20 * "Julian Toldboden" "Bar, cafe & restaurant" #spiir
  spiir-id: "636758002904735258"
  Assets:Checking:Primary  -75.00 DKK
  Expenses:Food:Restaurant  75.00 DKK

2018-10-20 * "SKAAL" "Bar, cafe & restaurant" #spiir
  spiir-id: "636758002904735259"
  Assets:Checking:Primary  -49.00 DKK
  Expenses:Food:Restaurant  49.00 DKK

2018-10-20 * "SKAAL" "Bar, cafe & restaurant" #spiir
  spiir-id: "636758002904735260"
  Assets:Checking:Primary  -120.00 DKK
  Expenses:Food:Restaurant  120.00 DKK

2018-10-20 * "Zoo Bar" "Bar, cafe & restaurant" #spiir
  spiir-id: "636758002904735261"
  Assets:Checking:Primary  -80.00 DKK
  Expenses:Food:Restaurant  80.00 DKK

2018-10-20 * "Take & Eat" "Fastfood & takeaway" #spiir
  spiir-id: "636758002904735262"
  Assets:Checking:Primary  -48.00 DKK
  Expenses:Food:Takeaway  48.00 DKK

2018-10-20 * "Zoo Bar" "Bar, cafe & restaurant" #spiir
  spiir-id: "636758002904735263"
  Assets:Checking:Primary  -110.00 DKK
  Expenses:Food:Restaurant  110.00 DKK

2018-10-20 * "ALHODA HALAL SLAGT" "Dagligvarer" #spiir
  spiir-id: "636758002904735264"
  Assets:Checking:Primary  -56.00 DKK
  Expenses:Food:Groceries  56.00 DKK

2018-10-20 * "HIND MARKED" "Dagligvarer" #spiir
  spiir-id: "636758002904735265"
  Assets:Checking:Primary  -60.00 DKK
  Expenses:Food:Groceries  60.00 DKK

2018-10-20 * "Wefood Nørrebro" "Dagligvarer" #spiir
  spiir-id: "636758002904735266"
  Assets:Checking:Primary  -15.00 DKK
  Expenses:Food:Groceries  15.00 DKK

2018-10-20 * "Wefood Nørrebro" "Dagligvarer" #spiir
  spiir-id: "636758002904735267"
  Assets:Checking:Primary  -9.00 DKK
  Expenses:Food:Groceries  9.00 DKK

2018-10-21 * "MobilePay Rick Marker" "" #spiir
  spiir-id: "636757169865970764"
  Assets:Checking:Primary  -75.00 DKK
  Expenses:Uncategorized  75.00 DKK

2018-10-21 * "SuperB Nørrebrogad" "Dagligvarer" #spiir
  spiir-id: "636758002904735268"
  Assets:Checking:Primary  -168.89 DKK
  Expenses:Food:Groceries  168.89 DKK

2018-10-22 * "SuperB Nørrebrogad" "Dagligvarer" #spiir
  spiir-id: "636758706781751645"
  Assets:Checking:Primary  -57.58 DKK
  Expenses:Food:Groceries  57.58 DKK

2018-10-22 * "Carhartt Store" "Tøj, sko & accessories" #spiir
  spiir-id: "636758706781751646"
  Assets:Checking:Primary  -700.00 DKK
  Expenses:Shopping:Clothing  700.00 DKK

2018-10-23 * "VDK DKK 33,00" "Online services & software" #spiir
  spiir-id: "636758706781751647"
  Assets:Checking:Primary  -33.00 DKK
  Expenses:Subscriptions:Software  33.00 DKK

2018-10-23 * "VDK DKK 39,00" "" #spiir
  spiir-id: "636758706781751648"
  Assets:Checking:Primary  -39.00 DKK
  Expenses:Uncategorized  39.00 DKK

2018-10-23 * "MobilePay: Tina Jensen" "" #spiir
  spiir-id: "636758706781751649"
  Assets:Checking:Primary  1500.00 DKK
  Expenses:Uncategorized  -1500.00 DKK

2018-10-23 * "FJELD & FRITID" "Tøj, sko & accessories" #spiir
  spiir-id: "636759609685285414"
  Assets:Checking:Primary  -539.00 DKK
  Expenses:Shopping:Clothing  539.00 DKK

2018-10-24 * "MobilePay: Astrid Birch Friis" "" #spiir
  spiir-id: "636760479167783632"
  Assets:Checking:Primary  100.00 DKK
  Expenses:Uncategorized  -100.00 DKK

2018-10-24 * "MobilePay: Gunnar Davíð Gunnarsson" "" #spiir
  spiir-id: "636760479167783633"
  Assets:Checking:Primary  100.00 DKK
  Expenses:Uncategorized  -100.00 DKK

2018-10-24 * "MobilePay: Mads Godvin Jensen" "" #spiir
  spiir-id: "636760479167783634"
  Assets:Checking:Primary  100.00 DKK
  Expenses:Uncategorized  -100.00 DKK

2018-10-24 * "MobilePay: Milena Nikolova" "" #spiir
  spiir-id: "636760479167783635"
  Assets:Checking:Primary  100.00 DKK
  Expenses:Uncategorized  -100.00 DKK

2018-10-24 * "MobilePay ROSFORTH & ROSFORTH ApS" "" #spiir
  spiir-id: "636760479167783636"
  Assets:Checking:Primary  -940.00 DKK
  Expenses:Uncategorized  940.00 DKK

2018-10-24 * "MobilePay ROSFORTH & ROSFORTH ApS" "" #spiir
  spiir-id: "636760479167783637"
  Assets:Checking:Primary  -150.00 DKK
  Expenses:Uncategorized  150.00 DKK

2018-10-24 * "MobilePay: Ilenia Bellucci" "" #spiir
  spiir-id: "636760479167783638"
  Assets:Checking:Primary  100.00 DKK
  Expenses:Uncategorized  -100.00 DKK

2018-10-24 * "SuperB Nørrebrogad" "Dagligvarer" #spiir
  spiir-id: "636760479167783639"
  Assets:Checking:Primary  -40.95 DKK
  Expenses:Food:Groceries  40.95 DKK

2018-10-24 * "Issa Marked" "Kiosk, bager & specialbutikker" #spiir
  spiir-id: "636760479167783640"
  Assets:Checking:Primary  -90.00 DKK
  Expenses:Food:Kiosk  90.00 DKK

2018-10-24 * "SuperB Nørrebrogad" "Dagligvarer" #spiir
  spiir-id: "636760479167783641"
  Assets:Checking:Primary  -24.95 DKK
  Expenses:Food:Groceries  24.95 DKK

2018-10-25 * "MobilePay: Miklos Johnnes Aubert" "" #spiir
  spiir-id: "636761303792655647"
  Assets:Checking:Primary  100.00 DKK
  Expenses:Uncategorized  -100.00 DKK

2018-10-25 * "MobilePay: Siri S" "" #spiir
  spiir-id: "636761303792655648"
  Assets:Checking:Primary  100.00 DKK
  Expenses:Uncategorized  -100.00 DKK

2018-10-25 * "MobilePay: Louise S" "" #spiir
  spiir-id: "636761303792655649"
  Assets:Checking:Primary  100.00 DKK
  Expenses:Uncategorized  -100.00 DKK

2018-10-25 * "MobilePay: Allan Frese" "" #spiir
  spiir-id: "636761303792655650"
  Assets:Checking:Primary  100.00 DKK
  Expenses:Uncategorized  -100.00 DKK

2018-10-25 * "MobilePay: Steen Voersaa" "" #spiir
  spiir-id: "636761303792655651"
  Assets:Checking:Primary  100.00 DKK
  Expenses:Uncategorized  -100.00 DKK

2018-10-25 * "HIND MARKED" "Dagligvarer" #spiir
  spiir-id: "636761303792655652"
  Assets:Checking:Primary  -63.00 DKK
  Expenses:Food:Groceries  63.00 DKK

2018-10-25 * "HIND MARKED" "Dagligvarer" #spiir
  spiir-id: "636761303792655653"
  Assets:Checking:Primary  -15.00 DKK
  Expenses:Food:Groceries  15.00 DKK

2018-10-26 * "VDK USD 7,00" "Online services & software" #spiir
  spiir-id: "636761303792655654"
  Assets:Checking:Primary  -46.81 DKK
  Expenses:Subscriptions:Software  46.81 DKK

2018-10-26 * "MobilePay Milena Nikolova" "" #spiir
  spiir-id: "636762271891784993"
  Assets:Checking:Primary  -100.00 DKK
  Expenses:Uncategorized  100.00 DKK

2018-10-26 * "MobilePay: Gunnar Davíð Gunnarsson" "" #spiir
  spiir-id: "636762271891784994"
  Assets:Checking:Primary  60.00 DKK
  Expenses:Uncategorized  -60.00 DKK

2018-10-26 * "MobilePay: Astrid Birch Friis" "" #spiir
  spiir-id: "636762271891784995"
  Assets:Checking:Primary  60.00 DKK
  Expenses:Uncategorized  -60.00 DKK

2018-10-27 * "MobilePay: Gunnar Davíð Gunnarsson" "" #spiir
  spiir-id: "636762271891784996"
  Assets:Checking:Primary  60.00 DKK
  Expenses:Uncategorized  -60.00 DKK

2018-10-27 * "SKAAL" "Bar, cafe & restaurant" #spiir
  spiir-id: "636764175063853871"
  Assets:Checking:Primary  -42.00 DKK
  Expenses:Food:Restaurant  42.00 DKK

2018-10-27 * "SKAAL" "Bar, cafe & restaurant" #spiir
  spiir-id: "636764175063853872"
  Assets:Checking:Primary  -60.00 DKK
  Expenses:Food:Restaurant  60.00 DKK

2018-10-27 * "SKAAL" "Bar, cafe & restaurant" #spiir
  spiir-id: "636764175063853873"
  Assets:Checking:Primary  -54.00 DKK
  Expenses:Food:Restaurant  54.00 DKK

2018-10-27 * "Take & Eat" "Fastfood & takeaway" #spiir
  spiir-id: "636764175063853874"
  Assets:Checking:Primary  -45.00 DKK
  Expenses:Food:Takeaway  45.00 DKK

2018-10-27 * "Empire Bio A/S" "Biograf, koncerter & forlystelser" #spiir
  spiir-id: "636764175063853875"
  Assets:Checking:Primary  -63.50 DKK
  Expenses:Entertainment:Events  63.50 DKK

2018-10-28 * "MobilePay Bang" "" #spiir
  spiir-id: "636763165715978271"
  Assets:Checking:Primary  -135.00 DKK
  Expenses:Uncategorized  135.00 DKK

2018-10-28 * "7-Eleven B 022" "Kiosk, bager & specialbutikker" #spiir
  spiir-id: "636764175063853876"
  Assets:Checking:Primary  -15.00 DKK
  Expenses:Food:Kiosk  15.00 DKK

2018-10-29 * "Royal Arena" "Biograf, koncerter & forlystelser" #spiir
  spiir-id: "636764175063853877"
  Assets:Checking:Primary  -110.00 DKK
  Expenses:Entertainment:Events  110.00 DKK

2018-10-29 * "Royal Arena" "Biograf, koncerter & forlystelser" #spiir
  spiir-id: "636764175063853878"
  Assets:Checking:Primary  -50.00 DKK
  Expenses:Entertainment:Events  50.00 DKK

2018-10-30 * "Normal A/S" "Dagligvarer" #spiir
  spiir-id: "636765007917511618"
  Assets:Checking:Primary  -66.00 DKK
  Expenses:Food:Groceries  66.00 DKK

2018-10-30 * "Fakta 324" "Dagligvarer" #spiir
  spiir-id: "636765007917511619"
  Assets:Checking:Primary  -8.95 DKK
  Expenses:Food:Groceries  8.95 DKK

2018-10-30 * "Nørrebro Apotek v/" "Apotek & medicin" #spiir
  spiir-id: "636765007917511620"
  Assets:Checking:Primary  -109.50 DKK
  Expenses:Health:Pharmacy  109.50 DKK

2018-10-30 * "Lønoverførsel" "Løn" #spiir
  spiir-id: "636766925744020423"
  Assets:Checking:Primary  27320.68 DKK
  Income:Salary  -27320.68 DKK

2018-10-31 * "VDK USD 98,79" "" #spiir
  spiir-id: "636766925744020424"
  Assets:Checking:Primary  -661.82 DKK
  Expenses:Uncategorized  661.82 DKK

2018-10-31 * "VDK DKK 199,00" "" #spiir
  spiir-id: "636766925744020425"
  Assets:Checking:Primary  -199.00 DKK
  Expenses:Uncategorized  199.00 DKK

2018-10-31 * "Fælledvej 1 husleje" "Boliglån/husleje" #spiir
  spiir-id: "636766925744020426"
  Assets:Checking:Primary  -6296.00 DKK
  Expenses:House:Mortgage  6296.00 DKK

2018-10-31 * "MobilePay Frisør Hans" "" #spiir
  spiir-id: "636766925744020427"
  Assets:Checking:Primary  -180.00 DKK
  Expenses:Uncategorized  180.00 DKK

2018-10-31 * "MobilePay Charlotte Mogensen" "" #spiir
  spiir-id: "636766925744020428"
  Assets:Checking:Primary  -330.00 DKK
  Expenses:Uncategorized  330.00 DKK

2018-10-31 * "FRILUFTSLAND A/S" "Tøj, sko & accessories" #spiir
  spiir-id: "636766925744020429"
  Assets:Checking:Primary  -62.10 DKK
  Expenses:Shopping:Clothing  62.10 DKK

2018-10-31 * "3´s Kortbetaling" "Telefoni & internet" #spiir
  spiir-id: "636766925744020430"
  Assets:Checking:Primary  -130.00 DKK
  Expenses:Subscriptions:Telecom  130.00 DKK

2018-11-01 * "Tryg" "Indbo- & familieforsikring" #spiir
  spiir-id: "636766925744020431"
  Assets:Checking:Primary  -163.71 DKK
  Expenses:House:Contents-Insurance  163.71 DKK

2018-11-01 * "Tryg" "Indbo- & familieforsikring" #spiir
  spiir-id: "636766925744020432"
  Assets:Checking:Primary  -478.13 DKK
  Expenses:House:Contents-Insurance  478.13 DKK

2018-11-01 * "Elgiganten 3004" "Spil & legetøj" #spiir
  spiir-id: "636766925744020433"
  Assets:Checking:Primary  -79.95 DKK
  Expenses:Kids:Toys  79.95 DKK

2018-11-01 * "Spejder Sport A/S" "Hobby & sportsudstyr" #spiir
  spiir-id: "636766925744020434"
  Assets:Checking:Primary  -249.60 DKK
  Expenses:Shopping:Sports  249.60 DKK

2018-11-01 * "PhotoCare KBH-K" "Offentligt gebyr" #spiir
  spiir-id: "636767767886499693"
  Assets:Checking:Primary  -258.00 DKK
  Expenses:Tax:Fees  258.00 DKK

2018-11-02 * "Landbageriet Aps" "Kiosk, bager & specialbutikker" #spiir
  spiir-id: "636767767886499694"
  Assets:Checking:Primary  -56.00 DKK
  Expenses:Food:Kiosk  56.00 DKK

2018-11-02 * "Gebr. Heinemann" "Bar, cafe & restaurant" #spiir
  spiir-id: "636767767886499695"
  Assets:Checking:Primary  -42.00 DKK
  Expenses:Food:Restaurant  42.00 DKK

2018-11-03 * "Ida Ingeniørfore. i Danm" "Fagforening & a-kasse" #spiir
  spiir-id: "636770058473590234"
  Assets:Checking:Primary  -878.25 DKK
  Expenses:Insurance:Union  878.25 DKK

2018-11-06 * "VDK USD 336,00" "" #spiir
  spiir-id: "636770989510106975"
  Assets:Checking:Primary  -2248.34 DKK
  Expenses:Uncategorized  2248.34 DKK

2018-11-06 * "VDK USD 4,66" "" #spiir
  spiir-id: "636770989510106976"
  Assets:Checking:Primary  -31.18 DKK
  Expenses:Uncategorized  31.18 DKK

2018-11-06 * "VDK DKK 500,00" "Møbler & boligudstyr" #spiir
  spiir-id: "636770989510106977"
  Assets:Checking:Primary  -500.00 DKK
  Expenses:Shopping:Furniture  500.00 DKK

2018-11-06 * "VDK DKK 500,00" "Møbler & boligudstyr" #spiir
  spiir-id: "636770989510106978"
  Assets:Checking:Primary  -500.00 DKK
  Expenses:Shopping:Furniture  500.00 DKK

2018-11-06 * "VDK DKK 500,00" "Møbler & boligudstyr" #spiir
  spiir-id: "636770989510106979"
  Assets:Checking:Primary  -500.00 DKK
  Expenses:Shopping:Furniture  500.00 DKK

2018-11-06 * "VDK DKK 500,00" "Møbler & boligudstyr" #spiir
  spiir-id: "636770989510106980"
  Assets:Checking:Primary  -500.00 DKK
  Expenses:Shopping:Furniture  500.00 DKK

2018-11-06 * "VDK USD 4,15" "" #spiir
  spiir-id: "636770989510106981"
  Assets:Checking:Primary  -27.77 DKK
  Expenses:Uncategorized  27.77 DKK

2018-11-06 * "VDK USD 1,00" "" #spiir
  spiir-id: "636770989510106982"
  Assets:Checking:Primary  -6.69 DKK
  Expenses:Uncategorized  6.69 DKK

2018-11-06 * "VDK DKK 500,00" "Møbler & boligudstyr" #spiir
  spiir-id: "636770989510106983"
  Assets:Checking:Primary  -500.00 DKK
  Expenses:Shopping:Furniture  500.00 DKK

2018-11-06 * "VDK DKK 80,00" "Film, musik & læsestof" #spiir
  spiir-id: "636770989510106984"
  Assets:Checking:Primary  -80.00 DKK
  Expenses:Entertainment:Media  80.00 DKK

2018-11-06 * "VDK DKK 70,00" "Ferieaktiviteter" #spiir
  spiir-id: "636770989510106985"
  Assets:Checking:Primary  -70.00 DKK
  Expenses:Travel:Activities  70.00 DKK

2018-11-06 * "VDK USD 26,00" "Ferieaktiviteter" #spiir
  spiir-id: "636770989510106986"
  Assets:Checking:Primary  -173.98 DKK
  Expenses:Travel:Activities  173.98 DKK

2018-11-06 * "VDK USD 15,00" "Ferieaktiviteter" #spiir
  spiir-id: "636770989510106987"
  Assets:Checking:Primary  -100.37 DKK
  Expenses:Travel:Activities  100.37 DKK

2018-11-06 * "MobilePay Louise S" "" #spiir
  spiir-id: "636771936742029997"
  Assets:Checking:Primary  -50.00 DKK
  Expenses:Uncategorized  50.00 DKK

2018-11-07 * "VDK USD 6,64" "Ferieaktiviteter" #spiir
  spiir-id: "636771936742029998"
  Assets:Checking:Primary  -44.49 DKK
  Expenses:Travel:Activities  44.49 DKK

2018-11-07 * "VDK USD 52,00" "Ferieaktiviteter" #spiir
  spiir-id: "636771936742029999"
  Assets:Checking:Primary  -348.44 DKK
  Expenses:Travel:Activities  348.44 DKK

2018-11-07 * "VDK USD 4,93" "" #spiir
  spiir-id: "636771936742030000"
  Assets:Checking:Primary  -33.04 DKK
  Expenses:Uncategorized  33.04 DKK

2018-11-07 * "VDK USD 16,00" "Ferieaktiviteter" #spiir
  spiir-id: "636771936742030001"
  Assets:Checking:Primary  106.56 DKK
  Expenses:Travel:Activities  -106.56 DKK

2018-11-08 * "VDK DKK 500,00" "Møbler & boligudstyr" #spiir
  spiir-id: "636772700090074085"
  Assets:Checking:Primary  -500.00 DKK
  Expenses:Shopping:Furniture  500.00 DKK

2018-11-08 * "VDK USD 49,66" "" #spiir
  spiir-id: "636772700090074086"
  Assets:Checking:Primary  -331.71 DKK
  Expenses:Uncategorized  331.71 DKK

2018-11-08 * "WeShare: QConSF" "" #spiir
  spiir-id: "636772700090074087"
  Assets:Checking:Primary  731.50 DKK
  Expenses:Uncategorized  -731.50 DKK

2018-11-08 * "WeShare: QConSF" "" #spiir
  spiir-id: "636772700090074088"
  Assets:Checking:Primary  1102.76 DKK
  Expenses:Uncategorized  -1102.76 DKK

2018-11-09 * "VDK USD 36,00" "Ferieaktiviteter" #spiir
  spiir-id: "636773419276802319"
  Assets:Checking:Primary  -240.37 DKK
  Expenses:Travel:Activities  240.37 DKK

2018-11-09 * "VDK USD 396,00" "" #spiir
  spiir-id: "636773419276802320"
  Assets:Checking:Primary  -2644.07 DKK
  Expenses:Uncategorized  2644.07 DKK

2018-11-09 * "VDK USD 5,60" "" #spiir
  spiir-id: "636773419276802321"
  Assets:Checking:Primary  -37.39 DKK
  Expenses:Uncategorized  37.39 DKK

2018-11-09 * "VDK USD 1,00" "" #spiir
  spiir-id: "636773419276802322"
  Assets:Checking:Primary  -6.68 DKK
  Expenses:Uncategorized  6.68 DKK

2018-11-09 * "VDK USD 3,57" "" #spiir
  spiir-id: "636773419276802323"
  Assets:Checking:Primary  -23.84 DKK
  Expenses:Uncategorized  23.84 DKK

2018-11-10 * "VDK DKK 1000,00" "Tips & lotto" #spiir
  spiir-id: "636776247594558201"
  Assets:Checking:Primary  -1000.00 DKK
  Expenses:Entertainment:Gambling  1000.00 DKK

2018-11-10 * "VDK DKK 200,00" "" #spiir
  spiir-id: "636776247594558202"
  Assets:Checking:Primary  -200.00 DKK
  Expenses:Uncategorized  200.00 DKK

2018-11-10 * "VDK USD 106,60" "" #spiir
  spiir-id: "636776247594558203"
  Assets:Checking:Primary  -714.40 DKK
  Expenses:Uncategorized  714.40 DKK

2018-11-13 * "VDK DKK 600,00" "Tips & lotto" #spiir
  spiir-id: "636776986594647799"
  Assets:Checking:Primary  -600.00 DKK
  Expenses:Entertainment:Gambling  600.00 DKK

2018-11-13 * "TRUSTPILOT A/S" "Anden indkomst" #spiir
  spiir-id: "636778011194673555"
  Assets:Checking:Primary  1465.90 DKK
  Income:Other  -1465.90 DKK

2018-11-14 * "VDK DKK 99,00" "Film, musik & læsestof" #spiir
  spiir-id: "636778011194673556"
  Assets:Checking:Primary  -99.00 DKK
  Expenses:Entertainment:Media  99.00 DKK

2018-11-15 * "VDK USD 17,19" "Film, musik & læsestof" #spiir
  spiir-id: "636779735820628196"
  Assets:Checking:Primary  -116.62 DKK
  Expenses:Entertainment:Media  116.62 DKK

2018-11-16 * "VDK USD 2,16" "" #spiir
  spiir-id: "636779735820628197"
  Assets:Checking:Primary  -14.60 DKK
  Expenses:Uncategorized  14.60 DKK

2018-11-16 * "VDK USD 7,65" "" #spiir
  spiir-id: "636779735820628198"
  Assets:Checking:Primary  -51.69 DKK
  Expenses:Uncategorized  51.69 DKK

2018-11-16 * "VDK USD 4,57" "" #spiir
  spiir-id: "636779735820628199"
  Assets:Checking:Primary  -30.89 DKK
  Expenses:Uncategorized  30.89 DKK

2018-11-16 * "VDK USD 77,78" "" #spiir
  spiir-id: "636779735820628200"
  Assets:Checking:Primary  -525.61 DKK
  Expenses:Uncategorized  525.61 DKK

2018-11-16 * "SuperB Nørrebrogad" "Dagligvarer" #spiir
  spiir-id: "636780421015223880"
  Assets:Checking:Primary  -160.10 DKK
  Expenses:Food:Groceries  160.10 DKK

2018-11-17 * "VDK USD 20,00" "Ferieaktiviteter" #spiir
  spiir-id: "636782124276548166"
  Assets:Checking:Primary  -135.07 DKK
  Expenses:Travel:Activities  135.07 DKK

2018-11-17 * "VDK USD 4,22" "" #spiir
  spiir-id: "636782124276548167"
  Assets:Checking:Primary  -28.50 DKK
  Expenses:Uncategorized  28.50 DKK

2018-11-17 * "VDK DKK 1143,32" "" #spiir
  spiir-id: "636782124276548168"
  Assets:Checking:Primary  -1143.32 DKK
  Expenses:Uncategorized  1143.32 DKK

2018-11-17 * "VDK USD 0,78" "" #spiir
  spiir-id: "636782124276548169"
  Assets:Checking:Primary  -5.26 DKK
  Expenses:Uncategorized  5.26 DKK

2018-11-17 * "VDK USD 17,27" "" #spiir
  spiir-id: "636782124276548170"
  Assets:Checking:Primary  -116.63 DKK
  Expenses:Uncategorized  116.63 DKK

2018-11-17 * "Rejsekort - DSB" "Bus, tog, færge o.l." #spiir
  spiir-id: "636782124276548171"
  Assets:Checking:Primary  -300.00 DKK
  Expenses:Transport:Public  300.00 DKK

2018-11-17 * "83-WH-Smith T3" "Ferieaktiviteter" #spiir
  spiir-id: "636782124276548172"
  Assets:Checking:Primary  -12.00 DKK
  Expenses:Travel:Activities  12.00 DKK

2018-11-17 * "DET RENE BRØD" "Kiosk, bager & specialbutikker" #spiir
  spiir-id: "636782124276548173"
  Assets:Checking:Primary  -49.98 DKK
  Expenses:Food:Kiosk  49.98 DKK

2018-11-17 * "Stenbergs Bog & Id" "Film, musik & læsestof" #spiir
  spiir-id: "636782124276548174"
  Assets:Checking:Primary  -50.00 DKK
  Expenses:Entertainment:Media  50.00 DKK

2018-11-17 * "Carhartt Store" "Tøj, sko & accessories" #spiir
  spiir-id: "636782124276548175"
  Assets:Checking:Primary  -1200.00 DKK
  Expenses:Shopping:Clothing  1200.00 DKK

2018-11-18 * "MobilePay Dan Meakin" "" #spiir
  spiir-id: "636781319210862902"
  Assets:Checking:Primary  -199.42 DKK
  Expenses:Uncategorized  199.42 DKK

2018-11-18 * "Mexican Ranger ApS" "Fastfood & takeaway" #spiir
  spiir-id: "636782124276548176"
  Assets:Checking:Primary  -165.00 DKK
  Expenses:Food:Takeaway  165.00 DKK

2018-11-18 * "Mexican Ranger ApS" "Fastfood & takeaway" #spiir
  spiir-id: "636782124276548177"
  Assets:Checking:Primary  -40.00 DKK
  Expenses:Food:Takeaway  40.00 DKK

2018-11-19 * "Fakta 324" "Dagligvarer" #spiir
  spiir-id: "636782985858734373"
  Assets:Checking:Primary  -35.90 DKK
  Expenses:Food:Groceries  35.90 DKK

2018-11-19 * "TAFFELBAY" "Kiosk, bager & specialbutikker" #spiir
  spiir-id: "636782985858734374"
  Assets:Checking:Primary  -78.00 DKK
  Expenses:Food:Kiosk  78.00 DKK

2018-11-20 * "VDK DKK 674,10" "" #spiir
  spiir-id: "636782985858734372"
  Assets:Checking:Primary  -674.10 DKK
  Expenses:Uncategorized  674.10 DKK

2018-11-20 * "Fakta" "Dagligvarer" #spiir
  spiir-id: "636783776646804024"
  Assets:Checking:Primary  -38.90 DKK
  Expenses:Food:Groceries  38.90 DKK

2018-11-21 * "TAFFELBAY" "Kiosk, bager & specialbutikker" #spiir
  spiir-id: "636784860598307441"
  Assets:Checking:Primary  -78.00 DKK
  Expenses:Food:Kiosk  78.00 DKK

2018-11-21 * "MobilePay PsykologKontakten Arthur Stroud" "" #spiir
  spiir-id: "636784860598307442"
  Assets:Checking:Primary  -1150.00 DKK
  Expenses:Uncategorized  1150.00 DKK

2018-11-22 * "HIND MARKED" "Dagligvarer" #spiir
  spiir-id: "636785696763244813"
  Assets:Checking:Primary  -130.00 DKK
  Expenses:Food:Groceries  130.00 DKK

2018-11-23 * "Mikropolis Venders" "Bar, cafe & restaurant" #spiir
  spiir-id: "636786503209963761"
  Assets:Checking:Primary  -65.00 DKK
  Expenses:Food:Restaurant  65.00 DKK

2018-11-23 * "Mikropolis Venders" "Bar, cafe & restaurant" #spiir
  spiir-id: "636786503209963762"
  Assets:Checking:Primary  -45.00 DKK
  Expenses:Food:Restaurant  45.00 DKK

2018-11-23 * "Mikropolis Venders" "Bar, cafe & restaurant" #spiir
  spiir-id: "636786503209963763"
  Assets:Checking:Primary  -45.00 DKK
  Expenses:Food:Restaurant  45.00 DKK

2018-11-24 * "MobilePay: Mark Ph Jensen" "" #spiir
  spiir-id: "636787237376513544"
  Assets:Checking:Primary  700.00 DKK
  Expenses:Uncategorized  -700.00 DKK

2018-11-24 * "MobilePay: Mark Ph Jensen" "" #spiir
  spiir-id: "636787237376513545"
  Assets:Checking:Primary  700.00 DKK
  Expenses:Uncategorized  -700.00 DKK

2018-11-24 * "Brønnum" "Bar, cafe & restaurant" #spiir
  spiir-id: "636788102034947479"
  Assets:Checking:Primary  -1350.00 DKK
  Expenses:Food:Restaurant  1350.00 DKK

2018-11-24 * "Ølbaren" "Bar, cafe & restaurant" #spiir
  spiir-id: "636788102034947480"
  Assets:Checking:Primary  -40.00 DKK
  Expenses:Food:Restaurant  40.00 DKK

2018-11-24 * "BEYTI ApS" "Fastfood & takeaway" #spiir
  spiir-id: "636788102034947481"
  Assets:Checking:Primary  -69.00 DKK
  Expenses:Food:Takeaway  69.00 DKK

2018-11-25 * "Hyggestund" "Bar, cafe & restaurant" #spiir
  spiir-id: "636788102034947475"
  Assets:Checking:Primary  -165.00 DKK
  Expenses:Food:Restaurant  165.00 DKK

2018-11-25 * "Balderdash" "Bar, cafe & restaurant" #spiir
  spiir-id: "636788102034947476"
  Assets:Checking:Primary  -1800.00 DKK
  Expenses:Food:Restaurant  1800.00 DKK

2018-11-25 * "ginkassen.dk" "Tobak & alkohol" #spiir
  spiir-id: "636788102034947477"
  Assets:Checking:Primary  -399.00 DKK
  Expenses:Food:Alcohol  399.00 DKK

2018-11-25 * "FLAMINGO KEBAB ApS" "Fastfood & takeaway" #spiir
  spiir-id: "636788102034947478"
  Assets:Checking:Primary  -47.00 DKK
  Expenses:Food:Takeaway  47.00 DKK

2018-11-26 * "B-Wild" "Gaver & velgørenhed" #spiir
  spiir-id: "636789186987137717"
  Assets:Checking:Primary  -3138.20 DKK
  Expenses:Gifts  3138.20 DKK

2018-11-26 * "Viktoriagade Bar A" "Bar, cafe & restaurant" #spiir
  spiir-id: "636789186987137718"
  Assets:Checking:Primary  -37.00 DKK
  Expenses:Food:Restaurant  37.00 DKK

2018-11-27 * "VDK USD 7,00" "Online services & software" #spiir
  spiir-id: "636789186987137711"
  Assets:Checking:Primary  -47.03 DKK
  Expenses:Subscriptions:Software  47.03 DKK

2018-11-27 * "VDK DKK 242,00" "" #spiir
  spiir-id: "636789186987137712"
  Assets:Checking:Primary  -242.00 DKK
  Expenses:Uncategorized  242.00 DKK

2018-11-27 * "VDK DKK 50,00" "Ferieaktiviteter" #spiir
  spiir-id: "636789186987137713"
  Assets:Checking:Primary  -50.00 DKK
  Expenses:Travel:Activities  50.00 DKK

2018-11-27 * "VDK DKK 40,00" "Bar, cafe & restaurant" #spiir
  spiir-id: "636789186987137714"
  Assets:Checking:Primary  -40.00 DKK
  Expenses:Food:Restaurant  40.00 DKK

2018-11-27 * "VDK DKK 239,00" "Tøj, sko & accessories" #spiir
  spiir-id: "636789186987137715"
  Assets:Checking:Primary  -239.00 DKK
  Expenses:Shopping:Clothing  239.00 DKK

2018-11-27 * "VDK DKK 75,00" "" #spiir
  spiir-id: "636789186987137716"
  Assets:Checking:Primary  -75.00 DKK
  Expenses:Uncategorized  75.00 DKK

2018-11-27 * "MobilePay DSB" "" #spiir
  spiir-id: "636789938003981388"
  Assets:Checking:Primary  -196.00 DKK
  Expenses:Uncategorized  196.00 DKK

2018-11-27 * "Fakta 324" "Dagligvarer" #spiir
  spiir-id: "636789938003981389"
  Assets:Checking:Primary  -62.95 DKK
  Expenses:Food:Groceries  62.95 DKK

2018-11-29 * "Forudbetalt husleje" "Boliglån/husleje" #spiir
  spiir-id: "636790794419855648"
  Assets:Checking:Primary  12720.00 DKK
  Expenses:House:Mortgage  -12720.00 DKK

2018-11-29 * "Grillen Nørrebroga" "Bar, cafe & restaurant" #spiir
  spiir-id: "636790794419855649"
  Assets:Checking:Primary  -55.00 DKK
  Expenses:Food:Restaurant  55.00 DKK

2018-11-29 * "Lønoverførsel" "Løn" #spiir
  spiir-id: "636791635796695215"
  Assets:Checking:Primary  24112.33 DKK
  Income:Salary  -24112.33 DKK

2018-11-29 * "fjællræven epic st" "Tøj, sko & accessories" #spiir
  spiir-id: "636791635796695216"
  Assets:Checking:Primary  -319.00 DKK
  Expenses:Shopping:Clothing  319.00 DKK

2018-11-29 * "SuperB Nørrebrogad" "Dagligvarer" #spiir
  spiir-id: "636791635796695217"
  Assets:Checking:Primary  -327.43 DKK
  Expenses:Food:Groceries  327.43 DKK

2018-11-29 * "Betal. 3825-0061490300" "" #spiir
  spiir-id: "636791635796695218"
  Assets:Checking:Primary  1007.99 DKK
  Expenses:Uncategorized  -1007.99 DKK

2018-11-30 * "Fælledvej 1 husleje" "Boliglån/husleje" #spiir
  spiir-id: "636791635796695214"
  Assets:Checking:Primary  -6296.00 DKK
  Expenses:House:Mortgage  6296.00 DKK

2018-11-30 * "3´s Kortbetaling" "Telefoni & internet" #spiir
  spiir-id: "636792551900356468"
  Assets:Checking:Primary  -132.50 DKK
  Expenses:Subscriptions:Telecom  132.50 DKK

2018-11-30 * "MobilePay: Orion Madsen" "" #spiir
  spiir-id: "636792551900356469"
  Assets:Checking:Primary  1000.00 DKK
  Expenses:Uncategorized  -1000.00 DKK

2018-12-01 * "Cafe Tjili Pop" "Bar, cafe & restaurant" #spiir
  spiir-id: "636794477856702100"
  Assets:Checking:Primary  -100.00 DKK
  Expenses:Food:Restaurant  100.00 DKK

2018-12-01 * "Netto 410" "Dagligvarer" #spiir
  spiir-id: "636794477856702101"
  Assets:Checking:Primary  -295.65 DKK
  Expenses:Food:Groceries  295.65 DKK

2018-12-01 * "Fiskerikajen Torve" "Dagligvarer" #spiir
  spiir-id: "636794477856702102"
  Assets:Checking:Primary  -84.00 DKK
  Expenses:Food:Groceries  84.00 DKK

2018-12-01 * "Palæo" "Bar, cafe & restaurant" #spiir
  spiir-id: "636794477856702103"
  Assets:Checking:Primary  -35.00 DKK
  Expenses:Food:Restaurant  35.00 DKK

2018-12-01 * "HIND MARKED" "Dagligvarer" #spiir
  spiir-id: "636794477856702104"
  Assets:Checking:Primary  -25.00 DKK
  Expenses:Food:Groceries  25.00 DKK

2018-12-01 * "Flying Tiger Cph41" "" #spiir
  spiir-id: "636794477856702105"
  Assets:Checking:Primary  -60.00 DKK
  Expenses:Uncategorized  60.00 DKK

2018-12-02 * "Mokkariet" "Bar, cafe & restaurant" #spiir
  spiir-id: "636794477856702095"
  Assets:Checking:Primary  -67.00 DKK
  Expenses:Food:Restaurant  67.00 DKK

2018-12-02 * "Copenhagen boulder" "Sport & fritid" #spiir
  spiir-id: "636794477856702096"
  Assets:Checking:Primary  -850.00 DKK
  Expenses:Entertainment:Sports  850.00 DKK

2018-12-02 * "Cafe Tjili Pop" "Bar, cafe & restaurant" #spiir
  spiir-id: "636794477856702097"
  Assets:Checking:Primary  -22.00 DKK
  Expenses:Food:Restaurant  22.00 DKK

2018-12-02 * "Cafe Tjili Pop" "Bar, cafe & restaurant" #spiir
  spiir-id: "636794477856702098"
  Assets:Checking:Primary  -76.00 DKK
  Expenses:Food:Restaurant  76.00 DKK

2018-12-02 * "Nabilo Pizza v/Mar" "Fastfood & takeaway" #spiir
  spiir-id: "636794477856702099"
  Assets:Checking:Primary  -69.00 DKK
  Expenses:Food:Takeaway  69.00 DKK

2018-12-02 * "WeShare: Duuuudes" "Biograf, koncerter & forlystelser" #spiir
  spiir-id: "636794477856702106"
  Assets:Checking:Primary  85.87 DKK
  Expenses:Entertainment:Events  -85.87 DKK

2018-12-03 * "opsparing" "Anden opsparing" #spiir
  spiir-id: "636794477856702094"
  Assets:Checking:Primary  -5000.00 DKK
  Assets:Savings:Other  5000.00 DKK

2018-12-03 * "Irma Nørre Voldg" "Dagligvarer" #spiir
  spiir-id: "636795023440393784"
  Assets:Checking:Primary  -75.00 DKK
  Expenses:Food:Groceries  75.00 DKK

2018-12-03 * "MobilePay Aeiat Marked" "" #spiir
  spiir-id: "636795023440393785"
  Assets:Checking:Primary  -12.00 DKK
  Expenses:Uncategorized  12.00 DKK

2018-12-04 * "VDK DKK 40,00" "Bar, cafe & restaurant" #spiir
  spiir-id: "636795023440393783"
  Assets:Checking:Primary  -40.00 DKK
  Expenses:Food:Restaurant  40.00 DKK

2018-12-05 * "VAISENHUS APOTEK" "Apotek & medicin" #spiir
  spiir-id: "636796861863009619"
  Assets:Checking:Primary  -94.00 DKK
  Expenses:Health:Pharmacy  94.00 DKK

2018-12-06 * "VDK DKK 100,00" "Tøj, sko & accessories" #spiir
  spiir-id: "636796861863009618"
  Assets:Checking:Primary  -100.00 DKK
  Expenses:Shopping:Clothing  100.00 DKK

2018-12-06 * "Nordic Noodle" "Fastfood & takeaway" #spiir
  spiir-id: "636797816608432404"
  Assets:Checking:Primary  -122.00 DKK
  Expenses:Food:Takeaway  122.00 DKK

2018-12-06 * "Dansk Bjergklub" "Sport & fritid" #spiir
  spiir-id: "636797816608591699"
  Assets:Checking:Primary  -999.00 DKK
  Expenses:Entertainment:Sports  999.00 DKK

2018-12-07 * "THE COFFEE COLLECT" "Bar, cafe & restaurant" #spiir
  spiir-id: "636798629285862959"
  Assets:Checking:Primary  -499.00 DKK
  Expenses:Food:Restaurant  499.00 DKK

2018-12-07 * "Frisør Liebmann" "Frisør & personlig pleje" #spiir
  spiir-id: "636798629285862960"
  Assets:Checking:Primary  -500.00 DKK
  Expenses:Shopping:Personal-Care  500.00 DKK

2018-12-08 * "WeShare: Duuuudes" "Biograf, koncerter & forlystelser" #spiir
  spiir-id: "636799440056677589"
  Assets:Checking:Primary  38.73 DKK
  Expenses:Entertainment:Events  -38.73 DKK

2018-12-08 * "Musikforen. Loppen" "Bar, cafe & restaurant" #spiir
  spiir-id: "636800339780375159"
  Assets:Checking:Primary  -35.00 DKK
  Expenses:Food:Restaurant  35.00 DKK

2018-12-08 * "VDK DKK 15,00" "" #spiir
  spiir-id: "636800339780375160"
  Assets:Checking:Primary  -15.00 DKK
  Expenses:Uncategorized  15.00 DKK

2018-12-08 * "Musikforen. Loppen" "Bar, cafe & restaurant" #spiir
  spiir-id: "636800339780375161"
  Assets:Checking:Primary  -25.00 DKK
  Expenses:Food:Restaurant  25.00 DKK

2018-12-08 * "Ali Bageri" "Kiosk, bager & specialbutikker" #spiir
  spiir-id: "636800339780375162"
  Assets:Checking:Primary  -140.00 DKK
  Expenses:Food:Kiosk  140.00 DKK

2018-12-08 * "ALHODA HALAL SLAGT" "Dagligvarer" #spiir
  spiir-id: "636800339780375163"
  Assets:Checking:Primary  -115.00 DKK
  Expenses:Food:Groceries  115.00 DKK

2018-12-08 * "Netto 410" "Dagligvarer" #spiir
  spiir-id: "636800339780375164"
  Assets:Checking:Primary  -123.70 DKK
  Expenses:Food:Groceries  123.70 DKK

2018-12-09 * "MobilePay Jonathan Zagouri" "" #spiir
  spiir-id: "636800339780375158"
  Assets:Checking:Primary  -15.00 DKK
  Expenses:Uncategorized  15.00 DKK

2018-12-09 * "Fiskerikajen Torve" "Dagligvarer" #spiir
  spiir-id: "636800339780375165"
  Assets:Checking:Primary  -131.00 DKK
  Expenses:Food:Groceries  131.00 DKK

2018-12-09 * "Fakta 324" "Dagligvarer" #spiir
  spiir-id: "636800339780375166"
  Assets:Checking:Primary  -66.85 DKK
  Expenses:Food:Groceries  66.85 DKK

2018-12-09 * "Netto Amagerbrogad" "Dagligvarer" #spiir
  spiir-id: "636800339780375167"
  Assets:Checking:Primary  -32.95 DKK
  Expenses:Food:Groceries  32.95 DKK

2018-12-10 * "MobilePay Jonathan Zagouri" "" #spiir
  spiir-id: "636800339780375168"
  Assets:Checking:Primary  -15.00 DKK
  Expenses:Uncategorized  15.00 DKK

2018-12-10 * "MobilePay: Toby Moore" "" #spiir
  spiir-id: "636801138233932273"
  Assets:Checking:Primary  99.80 DKK
  Expenses:Uncategorized  -99.80 DKK

2018-12-10 * "MobilePay: Stefano Pretto" "" #spiir
  spiir-id: "636801138233932274"
  Assets:Checking:Primary  99.80 DKK
  Expenses:Uncategorized  -99.80 DKK

2018-12-10 * "MobilePay: Rolf Thunbo" "" #spiir
  spiir-id: "636801138233932275"
  Assets:Checking:Primary  99.80 DKK
  Expenses:Uncategorized  -99.80 DKK

2018-12-10 * "NonSolo Pizza" "Fastfood & takeaway" #spiir
  spiir-id: "636801138233932276"
  Assets:Checking:Primary  -80.00 DKK
  Expenses:Food:Takeaway  80.00 DKK

2018-12-11 * "VDK DKK 15,00" "" #spiir
  spiir-id: "636801138233932277"
  Assets:Checking:Primary  -15.00 DKK
  Expenses:Uncategorized  15.00 DKK

2018-12-11 * "VDK DKK 68,00" "Film, musik & læsestof" #spiir
  spiir-id: "636801138233932278"
  Assets:Checking:Primary  -68.00 DKK
  Expenses:Entertainment:Media  68.00 DKK

2018-12-11 * "WeShare: Duuuudes" "Biograf, koncerter & forlystelser" #spiir
  spiir-id: "636801998975578264"
  Assets:Checking:Primary  198.73 DKK
  Expenses:Entertainment:Events  -198.73 DKK

2018-12-11 * "SuperB Nørrebrogad" "Dagligvarer" #spiir
  spiir-id: "636801998975578265"
  Assets:Checking:Primary  -185.20 DKK
  Expenses:Food:Groceries  185.20 DKK

2018-12-12 * "MobilePay Jonathan Zagouri" "" #spiir
  spiir-id: "636801998975578266"
  Assets:Checking:Primary  -15.00 DKK
  Expenses:Uncategorized  15.00 DKK

2018-12-12 * "Dansk Bjergklub" "Bar, cafe & restaurant" #spiir
  spiir-id: "636802882411875372"
  Assets:Checking:Primary  -12.00 DKK
  Expenses:Food:Restaurant  12.00 DKK

2018-12-12 * "Emmerys (380)" "Bar, cafe & restaurant" #spiir
  spiir-id: "636802882411875373"
  Assets:Checking:Primary  -110.00 DKK
  Expenses:Food:Restaurant  110.00 DKK

2018-12-13 * "MobilePay: Bo Tobias Karlsson" "" #spiir
  spiir-id: "636802882411875374"
  Assets:Checking:Primary  99.80 DKK
  Expenses:Uncategorized  -99.80 DKK

2018-12-13 * "7-Eleven B 014" "Kiosk, bager & specialbutikker" #spiir
  spiir-id: "636803699405160386"
  Assets:Checking:Primary  -71.85 DKK
  Expenses:Food:Kiosk  71.85 DKK

2018-12-13 * "ILLUM" "Tøj, sko & accessories" #spiir
  spiir-id: "636803699405160387"
  Assets:Checking:Primary  -1299.00 DKK
  Expenses:Shopping:Clothing  1299.00 DKK

2018-12-13 * "Take & Eat" "Fastfood & takeaway" #spiir
  spiir-id: "636803699405160388"
  Assets:Checking:Primary  -24.00 DKK
  Expenses:Food:Takeaway  24.00 DKK

2018-12-14 * "VDK DKK 99,00" "Film, musik & læsestof" #spiir
  spiir-id: "636803699405160389"
  Assets:Checking:Primary  -99.00 DKK
  Expenses:Entertainment:Media  99.00 DKK

2018-12-14 * "Normal A/S" "Dagligvarer" #spiir
  spiir-id: "636804711110242660"
  Assets:Checking:Primary  -112.00 DKK
  Expenses:Food:Groceries  112.00 DKK

2018-12-15 * "MobilePay Fikret Niyazi Akdag" "" #spiir
  spiir-id: "636804711110242661"
  Assets:Checking:Primary  -24.00 DKK
  Expenses:Uncategorized  24.00 DKK

2018-12-15 * "MobilePay Bang" "" #spiir
  spiir-id: "636805574846340842"
  Assets:Checking:Primary  -141.00 DKK
  Expenses:Uncategorized  141.00 DKK

2018-12-15 * "MobilePay Bang" "" #spiir
  spiir-id: "636805574846340843"
  Assets:Checking:Primary  -35.00 DKK
  Expenses:Uncategorized  35.00 DKK

2018-12-15 * "VDK USD 17,19" "Film, musik & læsestof" #spiir
  spiir-id: "636806287652925948"
  Assets:Checking:Primary  -115.52 DKK
  Expenses:Entertainment:Media  115.52 DKK

2018-12-16 * "MobilePay Daniel Grant" "" #spiir
  spiir-id: "636806287652925947"
  Assets:Checking:Primary  -20.00 DKK
  Expenses:Uncategorized  20.00 DKK

2018-12-17 * "bushcraftbutikken" "Hobby & sportsudstyr" #spiir
  spiir-id: "636807195490066913"
  Assets:Checking:Primary  -437.00 DKK
  Expenses:Shopping:Sports  437.00 DKK

2018-12-18 * "MobilePay: Ruth madsen" "" #spiir
  spiir-id: "636808017593275920"
  Assets:Checking:Primary  500.00 DKK
  Expenses:Uncategorized  -500.00 DKK

2018-12-18 * "Take & Eat" "Fastfood & takeaway" #spiir
  spiir-id: "636808017593275921"
  Assets:Checking:Primary  -55.00 DKK
  Expenses:Food:Takeaway  55.00 DKK

2018-12-19 * "VDK DKK 628,70" "" #spiir
  spiir-id: "636808017593275922"
  Assets:Checking:Primary  -628.70 DKK
  Expenses:Uncategorized  628.70 DKK

2018-12-19 * "VDK DKK 288,00" "" #spiir
  spiir-id: "636808017593275923"
  Assets:Checking:Primary  -288.00 DKK
  Expenses:Uncategorized  288.00 DKK

2018-12-19 * "VDK DKK 547,75" "" #spiir
  spiir-id: "636808017593275924"
  Assets:Checking:Primary  -547.75 DKK
  Expenses:Uncategorized  547.75 DKK

2018-12-19 * "MobilePay ZAGGIS IVS" "" #spiir
  spiir-id: "636809095077778434"
  Assets:Checking:Primary  -15.00 DKK
  Expenses:Uncategorized  15.00 DKK

2018-12-19 * "Vinoble skt. Petri" "Tobak & alkohol" #spiir
  spiir-id: "636809095077778435"
  Assets:Checking:Primary  -519.00 DKK
  Expenses:Food:Alcohol  519.00 DKK

2018-12-19 * "Magasin, Kgs Nytor" "Tøj, sko & accessories" #spiir
  spiir-id: "636809095077778436"
  Assets:Checking:Primary  -100.00 DKK
  Expenses:Shopping:Clothing  100.00 DKK

2018-12-19 * "sousvide.dk" "Møbler & boligudstyr" #spiir
  spiir-id: "636809095077778437"
  Assets:Checking:Primary  -288.00 DKK
  Expenses:Shopping:Furniture  288.00 DKK

2018-12-19 * "sousvide.dk" "Møbler & boligudstyr" #spiir
  spiir-id: "636809095077778438"
  Assets:Checking:Primary  -800.00 DKK
  Expenses:Shopping:Furniture  800.00 DKK

2018-12-20 * "Dry & Bitter ApS" "Bar, cafe & restaurant" #spiir
  spiir-id: "636809095077778439"
  Assets:Checking:Primary  -50.00 DKK
  Expenses:Food:Restaurant  50.00 DKK

2018-12-20 * "Dry & Bitter ApS" "Bar, cafe & restaurant" #spiir
  spiir-id: "636809095077778440"
  Assets:Checking:Primary  -30.00 DKK
  Expenses:Food:Restaurant  30.00 DKK

2018-12-20 * "Dry & Bitter ApS" "Bar, cafe & restaurant" #spiir
  spiir-id: "636809095077778441"
  Assets:Checking:Primary  -30.00 DKK
  Expenses:Food:Restaurant  30.00 DKK

2018-12-20 * "Dry & Bitter ApS" "Bar, cafe & restaurant" #spiir
  spiir-id: "636809095077778442"
  Assets:Checking:Primary  -30.00 DKK
  Expenses:Food:Restaurant  30.00 DKK

2018-12-20 * "Tommi's Burger Joi" "Fastfood & takeaway" #spiir
  spiir-id: "636809862009023026"
  Assets:Checking:Primary  -124.00 DKK
  Expenses:Food:Takeaway  124.00 DKK

2018-12-20 * "Tommi's Burger Joi" "Fastfood & takeaway" #spiir
  spiir-id: "636809862009023027"
  Assets:Checking:Primary  -154.00 DKK
  Expenses:Food:Takeaway  154.00 DKK

2018-12-20 * "Netto Landemærket" "Dagligvarer" #spiir
  spiir-id: "636809862009023028"
  Assets:Checking:Primary  -151.75 DKK
  Expenses:Food:Groceries  151.75 DKK

2018-12-20 * "MobilePay: Dessouky" "" #spiir
  spiir-id: "636809862009023029"
  Assets:Checking:Primary  124.00 DKK
  Expenses:Uncategorized  -124.00 DKK

2018-12-20 * "MobilePay: Dessouky" "" #spiir
  spiir-id: "636809862009023030"
  Assets:Checking:Primary  145.00 DKK
  Expenses:Uncategorized  -145.00 DKK

2018-12-20 * "Mikropolis Venders" "Bar, cafe & restaurant" #spiir
  spiir-id: "636809862009023031"
  Assets:Checking:Primary  -170.00 DKK
  Expenses:Food:Restaurant  170.00 DKK

2018-12-20 * "Mikropolis Venders" "Bar, cafe & restaurant" #spiir
  spiir-id: "636809862009023032"
  Assets:Checking:Primary  -45.00 DKK
  Expenses:Food:Restaurant  45.00 DKK

2018-12-21 * "Take & Eat" "Fastfood & takeaway" #spiir
  spiir-id: "636809862009023033"
  Assets:Checking:Primary  -48.00 DKK
  Expenses:Food:Takeaway  48.00 DKK

2018-12-21 * "VDK DKK 15,00" "" #spiir
  spiir-id: "636809862009023034"
  Assets:Checking:Primary  -15.00 DKK
  Expenses:Uncategorized  15.00 DKK

2018-12-22 * "MobilePay ZAGGIS IVS" "" #spiir
  spiir-id: "636811563409355787"
  Assets:Checking:Primary  -15.00 DKK
  Expenses:Uncategorized  15.00 DKK

2018-12-22 * "Hotel Amager" "Fly & Hotel" #spiir
  spiir-id: "636814866147309028"
  Assets:Checking:Primary  -95.00 DKK
  Expenses:Travel:Transport  95.00 DKK

2018-12-22 * "Hotel Amager" "Fly & Hotel" #spiir
  spiir-id: "636814866147309029"
  Assets:Checking:Primary  -95.00 DKK
  Expenses:Travel:Transport  95.00 DKK

2018-12-22 * "THAI & CHINESE" "Fastfood & takeaway" #spiir
  spiir-id: "636814866147309030"
  Assets:Checking:Primary  -227.00 DKK
  Expenses:Food:Takeaway  227.00 DKK

2018-12-23 * "Føtex Prinsessegad" "Dagligvarer" #spiir
  spiir-id: "636814866147309031"
  Assets:Checking:Primary  -12.50 DKK
  Expenses:Food:Groceries  12.50 DKK

2018-12-24 * "MobilePay DSB" "" #spiir
  spiir-id: "636813210177190420"
  Assets:Checking:Primary  -372.00 DKK
  Expenses:Uncategorized  372.00 DKK

2018-12-25 * "ginkassen.dk" "Tobak & alkohol" #spiir
  spiir-id: "636814866147309032"
  Assets:Checking:Primary  -399.00 DKK
  Expenses:Food:Alcohol  399.00 DKK

2018-12-26 * "Netto Backersvej" "Dagligvarer" #spiir
  spiir-id: "636814866147309033"
  Assets:Checking:Primary  -18.00 DKK
  Expenses:Food:Groceries  18.00 DKK

2018-12-27 * "MobilePay WeShare" "" #spiir
  spiir-id: "636815734869564624"
  Assets:Checking:Primary  -370.14 DKK
  Expenses:Uncategorized  370.14 DKK

2018-12-27 * "MobilePay: Tina Jensen" "" #spiir
  spiir-id: "636815734869564625"
  Assets:Checking:Primary  225.00 DKK
  Expenses:Uncategorized  -225.00 DKK

2018-12-27 * "82-WH-Smith T3 Lan" "" #spiir
  spiir-id: "636815734869564626"
  Assets:Checking:Primary  -48.95 DKK
  Expenses:Uncategorized  48.95 DKK

2018-12-27 * "Copenhagen boulder" "Bar, cafe & restaurant" #spiir
  spiir-id: "636815734869564627"
  Assets:Checking:Primary  -32.00 DKK
  Expenses:Food:Restaurant  32.00 DKK

2018-12-27 * "Lønoverførsel" "Løn" #spiir
  spiir-id: "636815734869564628"
  Assets:Checking:Primary  24112.33 DKK
  Income:Salary  -24112.33 DKK

2018-12-28 * "VDK USD 7,00" "Online services & software" #spiir
  spiir-id: "636815734869564629"
  Assets:Checking:Primary  -46.94 DKK
  Expenses:Subscriptions:Software  46.94 DKK

2018-12-28 * "VDK DKK 239,00" "Tøj, sko & accessories" #spiir
  spiir-id: "636815734869564630"
  Assets:Checking:Primary  -239.00 DKK
  Expenses:Shopping:Clothing  239.00 DKK

2018-12-28 * "VDK SEK 240,00" "Ferieaktiviteter" #spiir
  spiir-id: "636815734869564631"
  Assets:Checking:Primary  -176.70 DKK
  Expenses:Travel:Activities  176.70 DKK

2018-12-28 * "Fælledvej 1 husleje" "Boliglån/husleje" #spiir
  spiir-id: "636815734869564632"
  Assets:Checking:Primary  -6296.00 DKK
  Expenses:House:Mortgage  6296.00 DKK

2018-12-28 * "MobilePay: Francesco Michelangelo Giorgi" "" #spiir
  spiir-id: "636816677308082403"
  Assets:Checking:Primary  40.00 DKK
  Expenses:Uncategorized  -40.00 DKK

2018-12-28 * "3´s Kortbetaling" "Telefoni & internet" #spiir
  spiir-id: "636820261466800436"
  Assets:Checking:Primary  -130.00 DKK
  Expenses:Subscriptions:Telecom  130.00 DKK

2018-12-29 * "Akademikernes A-Kasse" "Fagforening & a-kasse" #spiir
  spiir-id: "636820261466800437"
  Assets:Checking:Primary  -1320.00 DKK
  Expenses:Insurance:Union  1320.00 DKK

2018-12-29 * "Tryg" "Indbo- & familieforsikring" #spiir
  spiir-id: "636820261466800438"
  Assets:Checking:Primary  -989.16 DKK
  Expenses:House:Contents-Insurance  989.16 DKK

2018-12-29 * "REMA 1000 Nørrebro" "Dagligvarer" #spiir
  spiir-id: "636820261466800439"
  Assets:Checking:Primary  -69.95 DKK
  Expenses:Food:Groceries  69.95 DKK

2018-12-29 * "Altalal Slagter" "Kiosk, bager & specialbutikker" #spiir
  spiir-id: "636820261466800440"
  Assets:Checking:Primary  -204.00 DKK
  Expenses:Food:Kiosk  204.00 DKK

2018-12-29 * "Stenbergs Bog & Id" "Film, musik & læsestof" #spiir
  spiir-id: "636820261466800441"
  Assets:Checking:Primary  -50.00 DKK
  Expenses:Entertainment:Media  50.00 DKK

2018-12-29 * "ALHODA HALAL SLAGT" "Dagligvarer" #spiir
  spiir-id: "636820261466800442"
  Assets:Checking:Primary  -53.00 DKK
  Expenses:Food:Groceries  53.00 DKK

2018-12-29 * "HIND MARKED" "Dagligvarer" #spiir
  spiir-id: "636820261466800443"
  Assets:Checking:Primary  -58.00 DKK
  Expenses:Food:Groceries  58.00 DKK

2018-12-30 * "MobilePay ZAGGIS IVS" "" #spiir
  spiir-id: "636818379385051931"
  Assets:Checking:Primary  -15.00 DKK
  Expenses:Uncategorized  15.00 DKK

2018-12-30 * "MobilePay Orion Madsen" "" #spiir
  spiir-id: "636818379385051932"
  Assets:Checking:Primary  -782.00 DKK
  Expenses:Uncategorized  782.00 DKK

2018-12-30 * "Fakta 324" "Dagligvarer" #spiir
  spiir-id: "636820261466800444"
  Assets:Checking:Primary  -123.90 DKK
  Expenses:Food:Groceries  123.90 DKK

2018-12-30 * "HIND MARKED" "Dagligvarer" #spiir
  spiir-id: "636820261466800445"
  Assets:Checking:Primary  -69.00 DKK
  Expenses:Food:Groceries  69.00 DKK

2018-12-30 * "Copenhagen boulder" "Bar, cafe & restaurant" #spiir
  spiir-id: "636820261466800446"
  Assets:Checking:Primary  -20.00 DKK
  Expenses:Food:Restaurant  20.00 DKK

2018-12-31 * "Gebyrer i alt" "Bankgebyrer" #spiir
  spiir-id: "636819201325896555"
  Assets:Checking:Primary  -90.00 DKK
  Expenses:Bank:Fees  90.00 DKK

2018-12-31 * "HIND MARKED" "Dagligvarer" #spiir
  spiir-id: "636820261466800447"
  Assets:Checking:Primary  -15.00 DKK
  Expenses:Food:Groceries  15.00 DKK

2018-12-31 * "SuperB Nørrebrogad" "Dagligvarer" #spiir
  spiir-id: "636820261466800448"
  Assets:Checking:Primary  -140.52 DKK
  Expenses:Food:Groceries  140.52 DKK

2018-12-31 * "DAMGAARD VINE" "" #spiir
  spiir-id: "636820261466800449"
  Assets:Checking:Primary  -328.95 DKK
  Expenses:Uncategorized  328.95 DKK

2018-12-31 * "DAMGAARD VINE" "" #spiir
  spiir-id: "636820261466800450"
  Assets:Checking:Primary  -40.00 DKK
  Expenses:Uncategorized  40.00 DKK

