; Spiir import for 2019
; Generated by import_spiir.py

2019-10-01 * "Opening Balance" "" #spiir
  Assets:Savings            177274.43 DKK
  Equity:Opening-Balances  -177274.43 DKK

2019-01-01 * "Rente" "Udlånsrenter" #spiir
  spiir-id: "636819201325896556"
  Assets:Checking:Primary  -20.91 DKK
  Expenses:Loans:Interest   20.91 DKK

2019-01-01 * "BEYTI ApS" "Fastfood & takeaway" #spiir
  spiir-id: "636820261466800451"
  Assets:Checking:Primary  -30.00 DKK
  Expenses:Food:Takeaway    30.00 DKK

2019-01-02 * "opsparing" "Anden opsparing" #spiir
  spiir-id: "636820261466800452"
  Assets:Checking:Primary  -5000.00 DKK
  Assets:Savings:Other      5000.00 DKK

2019-01-02 * "MobilePay Tina Jensen" "" #spiir
  spiir-id: "636820261466800453"
  Assets:Checking:Primary  -170.00 DKK
  Expenses:Other            170.00 DKK

2019-01-02 * "MobilePay Lars Bukkehave" "" #spiir
  spiir-id: "636821223137570056"
  Assets:Checking:Primary  -2700.00 DKK
  Expenses:Other            2700.00 DKK

2019-01-03 * "VDK DKK 80,00" "Film, musik & læsestof" #spiir
  spiir-id: "636821223137570057"
  Assets:Checking:Primary       -80.00 DKK
  Expenses:Entertainment:Media   80.00 DKK

2019-01-03 * "VDK DKK 38,00" "Online services & software" #spiir
  spiir-id: "636821223137570058"
  Assets:Checking:Primary          -38.00 DKK
  Expenses:Subscriptions:Software   38.00 DKK

2019-01-03 * "Irma Nørre Voldg" "Dagligvarer" #spiir
  spiir-id: "636822017796405759"
  Assets:Checking:Primary  -222.25 DKK
  Expenses:Food:Groceries   222.25 DKK

2019-01-05 * "MobilePay ZAGGIS IVS" "" #spiir
  spiir-id: "636823540354888524"
  Assets:Checking:Primary  -15.00 DKK
  Expenses:Other            15.00 DKK

2019-01-05 * "Tandoori Massala" "Bar, cafe & restaurant" #spiir
  spiir-id: "636824448347638270"
  Assets:Checking:Primary   -165.00 DKK
  Expenses:Food:Restaurant   165.00 DKK

2019-01-05 * "HIND MARKED" "Dagligvarer" #spiir
  spiir-id: "636824448347638271"
  Assets:Checking:Primary  -225.00 DKK
  Expenses:Food:Groceries   225.00 DKK

2019-01-05 * "B-Wild" "Gaver & velgørenhed" #spiir
  spiir-id: "636824448347638272"
  Assets:Checking:Primary  -299.00 DKK
  Expenses:Gifts            299.00 DKK

2019-01-05 * "Jarlen`s Skomageri" "Tøj, sko & accessories" #spiir
  spiir-id: "636824448347638273"
  Assets:Checking:Primary     -89.00 DKK
  Expenses:Shopping:Clothing   89.00 DKK

2019-01-05 * "Copenhagen boulder" "Bar, cafe & restaurant" #spiir
  spiir-id: "636824448347638274"
  Assets:Checking:Primary   -20.00 DKK
  Expenses:Food:Restaurant   20.00 DKK

2019-01-05 * "Netto Nørrevold" "Dagligvarer" #spiir
  spiir-id: "636824448347638275"
  Assets:Checking:Primary  -57.90 DKK
  Expenses:Food:Groceries   57.90 DKK

2019-01-06 * "WeShare: Duuuudes" "Biograf, koncerter & forlystelser" #spiir
  spiir-id: "636824448347638268"
  Assets:Checking:Primary         198.71 DKK
  Expenses:Entertainment:Events  -198.71 DKK

2019-01-06 * "MobilePay: Ruth madsen" "" #spiir
  spiir-id: "636824448347638269"
  Assets:Checking:Primary   500.00 DKK
  Expenses:Other           -500.00 DKK

2019-01-06 * "Cafe Emmanuel" "Bar, cafe & restaurant" #spiir
  spiir-id: "636824448347638276"
  Assets:Checking:Primary   -35.00 DKK
  Expenses:Food:Restaurant   35.00 DKK

2019-01-07 * "SuperB Nørrebrogad" "Dagligvarer" #spiir
  spiir-id: "636825315633091634"
  Assets:Checking:Primary  -203.71 DKK
  Expenses:Food:Groceries   203.71 DKK

2019-01-07 * "Til Opsparing" "Anden opsparing" #spiir
  spiir-id: "636825315633091635"
  Assets:Checking:Primary  -7000.00 DKK
  Assets:Savings:Other      7000.00 DKK

2019-01-08 * "VDK DKK 1528,00" "" #spiir
  spiir-id: "636825315633091636"
  Assets:Checking:Primary  -1528.00 DKK
  Expenses:Other            1528.00 DKK

2019-01-09 * "madbillet.dk" "Bar, cafe & restaurant" #spiir
  spiir-id: "636827048667672175"
  Assets:Checking:Primary   -482.00 DKK
  Expenses:Food:Restaurant   482.00 DKK

2019-01-09 * "B-Wild" "Gaver & velgørenhed" #spiir
  spiir-id: "636827048667672176"
  Assets:Checking:Primary  -87.00 DKK
  Expenses:Gifts            87.00 DKK

2019-01-09 * "B-Wild" "Gaver & velgørenhed" #spiir
  spiir-id: "636827048667672177"
  Assets:Checking:Primary  -59.00 DKK
  Expenses:Gifts            59.00 DKK

2019-01-10 * "VDK DKK 454,79" "" #spiir
  spiir-id: "636827048667672178"
  Assets:Checking:Primary  -454.79 DKK
  Expenses:Other            454.79 DKK

2019-01-11 * "Vinoble skt. Petri" "Tobak & alkohol" #spiir
  spiir-id: "636828876790606653"
  Assets:Checking:Primary  -439.00 DKK
  Expenses:Food:Alcohol     439.00 DKK

2019-01-11 * "Netto Landemærket" "Dagligvarer" #spiir
  spiir-id: "636828876790606654"
  Assets:Checking:Primary  -50.90 DKK
  Expenses:Food:Groceries   50.90 DKK

2019-01-11 * "MobilePay Milena Nikolova" "" #spiir
  spiir-id: "636828876790606655"
  Assets:Checking:Primary  -416.50 DKK
  Expenses:Other            416.50 DKK

2019-01-12 * "Take & Eat" "Fastfood & takeaway" #spiir
  spiir-id: "636830714917946994"
  Assets:Checking:Primary  -24.00 DKK
  Expenses:Food:Takeaway    24.00 DKK

2019-01-12 * "DET RENE BRØD" "Kiosk, bager & specialbutikker" #spiir
  spiir-id: "636830714917946995"
  Assets:Checking:Primary  -18.00 DKK
  Expenses:Food:Kiosk       18.00 DKK

2019-01-12 * "Altalal Slagter" "Kiosk, bager & specialbutikker" #spiir
  spiir-id: "636830714917946996"
  Assets:Checking:Primary  -135.00 DKK
  Expenses:Food:Kiosk       135.00 DKK

2019-01-12 * "ALHODA HALAL SLAGT" "Dagligvarer" #spiir
  spiir-id: "636830714917946997"
  Assets:Checking:Primary  -70.00 DKK
  Expenses:Food:Groceries   70.00 DKK

2019-01-12 * "Al-Basra Marked" "Dagligvarer" #spiir
  spiir-id: "636830714917946998"
  Assets:Checking:Primary  -15.00 DKK
  Expenses:Food:Groceries   15.00 DKK

2019-01-12 * "HIND MARKED" "Dagligvarer" #spiir
  spiir-id: "636830714917946999"
  Assets:Checking:Primary  -15.00 DKK
  Expenses:Food:Groceries   15.00 DKK

2019-01-12 * "Take & Eat" "Fastfood & takeaway" #spiir
  spiir-id: "636830714917947000"
  Assets:Checking:Primary  -48.00 DKK
  Expenses:Food:Takeaway    48.00 DKK

2019-01-13 * "HIND MARKED" "Dagligvarer" #spiir
  spiir-id: "636830714917947001"
  Assets:Checking:Primary  -80.00 DKK
  Expenses:Food:Groceries   80.00 DKK

2019-01-13 * "Fakta 324" "Dagligvarer" #spiir
  spiir-id: "636830714917947002"
  Assets:Checking:Primary  -62.95 DKK
  Expenses:Food:Groceries   62.95 DKK

2019-01-13 * "HIND MARKED" "Dagligvarer" #spiir
  spiir-id: "636830714917947003"
  Assets:Checking:Primary  -5.00 DKK
  Expenses:Food:Groceries   5.00 DKK

2019-01-13 * "THAI & CHINESE" "Fastfood & takeaway" #spiir
  spiir-id: "636830714917947004"
  Assets:Checking:Primary  -39.00 DKK
  Expenses:Food:Takeaway    39.00 DKK

2019-01-14 * "Hyggestund" "Bar, cafe & restaurant" #spiir
  spiir-id: "636830714917947005"
  Assets:Checking:Primary   -185.00 DKK
  Expenses:Food:Restaurant   185.00 DKK

2019-01-14 * "DSB" "Bøder & afgifter" #spiir
  spiir-id: "636830714917947006"
  Assets:Checking:Primary  -300.00 DKK
  Expenses:Tax:Fines        300.00 DKK

2019-01-14 * "Netto Backersvej" "Dagligvarer" #spiir
  spiir-id: "636830714917947007"
  Assets:Checking:Primary  -98.45 DKK
  Expenses:Food:Groceries   98.45 DKK

2019-01-14 * "B-Wild" "Gaver & velgørenhed" #spiir
  spiir-id: "636831392030570260"
  Assets:Checking:Primary  -1199.00 DKK
  Expenses:Gifts            1199.00 DKK

2019-01-14 * "Fakta 324" "Dagligvarer" #spiir
  spiir-id: "636831392030570261"
  Assets:Checking:Primary  -17.95 DKK
  Expenses:Food:Groceries   17.95 DKK

2019-01-15 * "VDK DKK 38,00" "Online services & software" #spiir
  spiir-id: "636831392030570262"
  Assets:Checking:Primary          -38.00 DKK
  Expenses:Subscriptions:Software   38.00 DKK

2019-01-15 * "VDK DKK 99,00" "Film, musik & læsestof" #spiir
  spiir-id: "636831392030570263"
  Assets:Checking:Primary       -99.00 DKK
  Expenses:Entertainment:Media   99.00 DKK

2019-01-15 * "VDK USD 17,19" "Film, musik & læsestof" #spiir
  spiir-id: "636831392030570264"
  Assets:Checking:Primary       -114.24 DKK
  Expenses:Entertainment:Media   114.24 DKK

2019-01-15 * "MobilePay: Lisa-Maria Bruns" "" #spiir
  spiir-id: "636832420850232096"
  Assets:Checking:Primary   99.88 DKK
  Expenses:Other           -99.88 DKK

2019-01-15 * "MobilePay: Siri S" "" #spiir
  spiir-id: "636832420850232097"
  Assets:Checking:Primary   99.88 DKK
  Expenses:Other           -99.88 DKK

2019-01-15 * "MobilePay: Astrid Birch Friis" "" #spiir
  spiir-id: "636832420850232098"
  Assets:Checking:Primary   99.88 DKK
  Expenses:Other           -99.88 DKK

2019-01-15 * "MobilePay: Gunnar Davíð Gunnarsson" "" #spiir
  spiir-id: "636832420850232099"
  Assets:Checking:Primary   99.88 DKK
  Expenses:Other           -99.88 DKK

2019-01-15 * "MobilePay: Milena Nikolova" "" #spiir
  spiir-id: "636832420850232100"
  Assets:Checking:Primary   239.72 DKK
  Expenses:Other           -239.72 DKK

2019-01-15 * "MobilePay: Milena Nikolova" "" #spiir
  spiir-id: "636832420850232101"
  Assets:Checking:Primary   239.72 DKK
  Expenses:Other           -239.72 DKK

2019-01-15 * "MobilePay: Neal Stewart" "" #spiir
  spiir-id: "636832420850232102"
  Assets:Checking:Primary   99.88 DKK
  Expenses:Other           -99.88 DKK

2019-01-15 * "Al-Basra marked" "Dagligvarer" #spiir
  spiir-id: "636832420850232103"
  Assets:Checking:Primary  -61.50 DKK
  Expenses:Food:Groceries   61.50 DKK

2019-01-17 * "FRILUFTSLAND A/S" "Tøj, sko & accessories" #spiir
  spiir-id: "636834018536971215"
  Assets:Checking:Primary     -286.20 DKK
  Expenses:Shopping:Clothing   286.20 DKK

2019-01-18 * "Spejder Sport A/S" "Hobby & sportsudstyr" #spiir
  spiir-id: "636834886998989849"
  Assets:Checking:Primary   -199.00 DKK
  Expenses:Shopping:Sports   199.00 DKK

2019-01-18 * "HIND MARKED" "Dagligvarer" #spiir
  spiir-id: "636834886998989850"
  Assets:Checking:Primary  -76.00 DKK
  Expenses:Food:Groceries   76.00 DKK

2019-01-18 * "SuperB Nørrebrogad" "Dagligvarer" #spiir
  spiir-id: "636834886998989851"
  Assets:Checking:Primary  -229.05 DKK
  Expenses:Food:Groceries   229.05 DKK

2019-01-19 * "MALING.DK" "Ombygning & vedligehold" #spiir
  spiir-id: "636836687773890738"
  Assets:Checking:Primary    -139.50 DKK
  Expenses:House:Renovation   139.50 DKK

2019-01-20 * "Fakta Strandlodsve" "Dagligvarer" #spiir
  spiir-id: "636836687773890739"
  Assets:Checking:Primary  -8.50 DKK
  Expenses:Food:Groceries   8.50 DKK

2019-01-21 * "Dansk Bjergklub" "Sport & fritid" #spiir
  spiir-id: "636836687773890740"
  Assets:Checking:Primary        -70.00 DKK
  Expenses:Entertainment:Sports   70.00 DKK

2019-01-21 * "SuperB Nørrebrogad" "Dagligvarer" #spiir
  spiir-id: "636837498390606640"
  Assets:Checking:Primary  -120.97 DKK
  Expenses:Food:Groceries   120.97 DKK

2019-01-22 * "HIND MARKED" "Dagligvarer" #spiir
  spiir-id: "636838437587839530"
  Assets:Checking:Primary  -130.00 DKK
  Expenses:Food:Groceries   130.00 DKK

2019-01-23 * "Polonus Copenhagen" "Dagligvarer" #spiir
  spiir-id: "636838437587839531"
  Assets:Checking:Primary  -150.00 DKK
  Expenses:Food:Groceries   150.00 DKK

2019-01-23 * "Frisør Liebmann" "Frisør & personlig pleje" #spiir
  spiir-id: "636839189259500906"
  Assets:Checking:Primary          -500.00 DKK
  Expenses:Shopping:Personal-Care   500.00 DKK

2019-01-23 * "MATAS - 14420" "Frisør & personlig pleje" #spiir
  spiir-id: "636839189259500907"
  Assets:Checking:Primary          -171.21 DKK
  Expenses:Shopping:Personal-Care   171.21 DKK

2019-01-25 * "VDK NOK 1694,22" "" #spiir
  spiir-id: "636840027612062408"
  Assets:Checking:Primary  -1318.51 DKK
  Expenses:Other            1318.51 DKK

2019-01-25 * "VDK NOK 441,00" "" #spiir
  spiir-id: "636840027612062409"
  Assets:Checking:Primary  -343.20 DKK
  Expenses:Other            343.20 DKK

2019-01-27 * "MobilePay Samer Bou Daher" "" #spiir
  spiir-id: "636842669797149762"
  Assets:Checking:Primary  -27.00 DKK
  Expenses:Other            27.00 DKK

2019-01-29 * "VDK NOK 155,00" "Ferieaktiviteter" #spiir
  spiir-id: "636843392625919834"
  Assets:Checking:Primary     -121.26 DKK
  Expenses:Travel:Activities   121.26 DKK

2019-01-29 * "La Perla" "Bar, cafe & restaurant" #spiir
  spiir-id: "636844294512381082"
  Assets:Checking:Primary   -327.00 DKK
  Expenses:Food:Restaurant   327.00 DKK

2019-01-29 * "THE COFFEE COLLECT" "Bar, cafe & restaurant" #spiir
  spiir-id: "636844294512381083"
  Assets:Checking:Primary   -35.00 DKK
  Expenses:Food:Restaurant   35.00 DKK

2019-01-30 * "HIND MARKED" "Dagligvarer" #spiir
  spiir-id: "636845140108769171"
  Assets:Checking:Primary  -173.00 DKK
  Expenses:Food:Groceries   173.00 DKK

2019-01-30 * "MobilePay Lee Ann Hollesen" "" #spiir
  spiir-id: "636845140108769172"
  Assets:Checking:Primary  -270.00 DKK
  Expenses:Other            270.00 DKK

2019-01-30 * "Lønoverførsel" "Løn" #spiir
  spiir-id: "636845140108769173"
  Assets:Checking:Primary   28281.48 DKK
  Income:Salary            -28281.48 DKK

2019-01-31 * "VDK DKK 65,00" "" #spiir
  spiir-id: "636845140108769174"
  Assets:Checking:Primary  -65.00 DKK
  Expenses:Other            65.00 DKK

2019-01-31 * "VDK DKK 80,00" "Film, musik & læsestof" #spiir
  spiir-id: "636845140108769175"
  Assets:Checking:Primary       -80.00 DKK
  Expenses:Entertainment:Media   80.00 DKK

2019-01-31 * "VDK DKK 65,00" "" #spiir
  spiir-id: "636845140108769176"
  Assets:Checking:Primary  -65.00 DKK
  Expenses:Other            65.00 DKK

2019-01-31 * "VDK DKK 40,00" "Bar, cafe & restaurant" #spiir
  spiir-id: "636845140108769177"
  Assets:Checking:Primary   -40.00 DKK
  Expenses:Food:Restaurant   40.00 DKK

2019-01-31 * "VDK DKK 75,00" "" #spiir
  spiir-id: "636845140108769178"
  Assets:Checking:Primary  -75.00 DKK
  Expenses:Other            75.00 DKK

2019-01-31 * "Fælledvej 1 husleje" "Boliglån/husleje" #spiir
  spiir-id: "636845140108769179"
  Assets:Checking:Primary  -6296.00 DKK
  Expenses:House:Mortgage   6296.00 DKK

2019-01-31 * "MobilePay: Jan Dalsgaard" "" #spiir
  spiir-id: "636846165534447106"
  Assets:Checking:Primary   5000.00 DKK
  Expenses:Other           -5000.00 DKK

2019-01-31 * "3´s Kortbetaling" "Telefoni & internet" #spiir
  spiir-id: "636846165534447107"
  Assets:Checking:Primary         -150.15 DKK
  Expenses:Subscriptions:Telecom   150.15 DKK

2019-02-01 * "opsparing" "Anden opsparing" #spiir
  spiir-id: "636846165534447108"
  Assets:Checking:Primary  -5000.00 DKK
  Assets:Savings:Other      5000.00 DKK

2019-02-01 * "Tryg" "Indbo- & familieforsikring" #spiir
  spiir-id: "636846165534447109"
  Assets:Checking:Primary            -590.74 DKK
  Expenses:House:Contents-Insurance   590.74 DKK

2019-02-01 * "Tryg" "Indbo- & familieforsikring" #spiir
  spiir-id: "636846165534447110"
  Assets:Checking:Primary            -169.24 DKK
  Expenses:House:Contents-Insurance   169.24 DKK

2019-02-01 * "MobilePay Lee Ann Hollesen" "" #spiir
  spiir-id: "636846165534447111"
  Assets:Checking:Primary  -80.00 DKK
  Expenses:Other            80.00 DKK

2019-02-01 * "MobilePay: Miklos Johnnes Aubert" "" #spiir
  spiir-id: "636846165534447112"
  Assets:Checking:Primary   80.00 DKK
  Expenses:Other           -80.00 DKK

2019-02-02 * "MobilePay: Martin Brandt Ewon" "" #spiir
  spiir-id: "636847976892839323"
  Assets:Checking:Primary   25.00 DKK
  Expenses:Other           -25.00 DKK

2019-02-02 * "MobilePay Lee Ann Hollesen" "" #spiir
  spiir-id: "636847976892839324"
  Assets:Checking:Primary  -240.00 DKK
  Expenses:Other            240.00 DKK

2019-02-02 * "VDK DKK 15,00" "" #spiir
  spiir-id: "636848802280897783"
  Assets:Checking:Primary  -15.00 DKK
  Expenses:Other            15.00 DKK

2019-02-02 * "7-Eleven B 014" "Kiosk, bager & specialbutikker" #spiir
  spiir-id: "636848802280897784"
  Assets:Checking:Primary  -105.95 DKK
  Expenses:Food:Kiosk       105.95 DKK

2019-02-02 * "HIND MARKED" "Dagligvarer" #spiir
  spiir-id: "636848802280897785"
  Assets:Checking:Primary  -83.00 DKK
  Expenses:Food:Groceries   83.00 DKK

2019-02-02 * "GRAND TEATRET A/S" "Biograf, koncerter & forlystelser" #spiir
  spiir-id: "636848802280897786"
  Assets:Checking:Primary        -95.00 DKK
  Expenses:Entertainment:Events   95.00 DKK

2019-02-03 * "Rejsekort - DSB" "Bus, tog, færge o.l." #spiir
  spiir-id: "636848802280897787"
  Assets:Checking:Primary    -300.00 DKK
  Expenses:Transport:Public   300.00 DKK

2019-02-03 * "Blend & Brew" "" #spiir
  spiir-id: "636848802280897788"
  Assets:Checking:Primary  -28.00 DKK
  Expenses:Other            28.00 DKK

2019-02-04 * "Fakta 324" "Dagligvarer" #spiir
  spiir-id: "636849720472998615"
  Assets:Checking:Primary  -108.80 DKK
  Expenses:Food:Groceries   108.80 DKK

2019-02-04 * "Cleavers Meat Mark" "Dagligvarer" #spiir
  spiir-id: "636849720472998616"
  Assets:Checking:Primary  -136.50 DKK
  Expenses:Food:Groceries   136.50 DKK

2019-02-05 * "Ida Ingeniørfore. i Danm" "Fagforening & a-kasse" #spiir
  spiir-id: "636849720472998617"
  Assets:Checking:Primary   -878.25 DKK
  Expenses:Insurance:Union   878.25 DKK

2019-02-05 * "HIND MARKED" "Dagligvarer" #spiir
  spiir-id: "636850482356662700"
  Assets:Checking:Primary  -105.00 DKK
  Expenses:Food:Groceries   105.00 DKK

2019-02-05 * "Irma Fr.Borggade" "Dagligvarer" #spiir
  spiir-id: "636850482356662701"
  Assets:Checking:Primary  -59.50 DKK
  Expenses:Food:Groceries   59.50 DKK

2019-02-06 * "BEYTI ApS" "Fastfood & takeaway" #spiir
  spiir-id: "636851200036468398"
  Assets:Checking:Primary  -69.00 DKK
  Expenses:Food:Takeaway    69.00 DKK

2019-02-07 * "MobilePay ZAGGIS IVS" "" #spiir
  spiir-id: "636852082769964452"
  Assets:Checking:Primary  -15.00 DKK
  Expenses:Other            15.00 DKK

2019-02-07 * "MobilePay Ilenia Bellucci" "" #spiir
  spiir-id: "636852082769964453"
  Assets:Checking:Primary  -150.00 DKK
  Expenses:Other            150.00 DKK

2019-02-07 * "FRILUFTSLAND A/S" "Tøj, sko & accessories" #spiir
  spiir-id: "636852082769964454"
  Assets:Checking:Primary     -229.00 DKK
  Expenses:Shopping:Clothing   229.00 DKK

2019-02-08 * "VDK DKK 15,00" "" #spiir
  spiir-id: "636852082769964455"
  Assets:Checking:Primary  -15.00 DKK
  Expenses:Other            15.00 DKK

2019-02-08 * "VDK DKK 15,00" "" #spiir
  spiir-id: "636852082769964456"
  Assets:Checking:Primary  -15.00 DKK
  Expenses:Other            15.00 DKK

2019-02-08 * "TAFFELBAY" "Kiosk, bager & specialbutikker" #spiir
  spiir-id: "636852883787285730"
  Assets:Checking:Primary  -78.00 DKK
  Expenses:Food:Kiosk       78.00 DKK

2019-02-08 * "MobilePay: Samer Bou Daher" "" #spiir
  spiir-id: "636852883787285731"
  Assets:Checking:Primary   313.03 DKK
  Expenses:Other           -313.03 DKK

2019-02-09 * "MobilePay Samer Bou Daher" "" #spiir
  spiir-id: "636853836706101589"
  Assets:Checking:Primary  -74.00 DKK
  Expenses:Other            74.00 DKK

2019-02-09 * "Flying Tiger Cph41" "" #spiir
  spiir-id: "636854714609295967"
  Assets:Checking:Primary  -100.00 DKK
  Expenses:Other            100.00 DKK

2019-02-09 * "Søstrene Grene Kul" "Møbler & boligudstyr" #spiir
  spiir-id: "636854714609295968"
  Assets:Checking:Primary      -16.86 DKK
  Expenses:Shopping:Furniture   16.86 DKK

2019-02-09 * "Fiol Optik" "Briller & kontaktlinser" #spiir
  spiir-id: "636854714609295969"
  Assets:Checking:Primary  -1836.00 DKK
  Expenses:Health:Vision    1836.00 DKK

2019-02-10 * "MobilePay DSB" "" #spiir
  spiir-id: "636854714609295965"
  Assets:Checking:Primary  -396.00 DKK
  Expenses:Other            396.00 DKK

2019-02-10 * "MobilePay DSB" "" #spiir
  spiir-id: "636854714609295966"
  Assets:Checking:Primary  -291.00 DKK
  Expenses:Other            291.00 DKK

2019-02-11 * "Irma Nørre Voldg" "Dagligvarer" #spiir
  spiir-id: "636855548100803750"
  Assets:Checking:Primary  -44.00 DKK
  Expenses:Food:Groceries   44.00 DKK

2019-02-12 * "VDK DKK 4572,00" "" #spiir
  spiir-id: "636855548100803751"
  Assets:Checking:Primary  -4572.00 DKK
  Expenses:Other            4572.00 DKK

2019-02-12 * "VDK EUR 552,13" "" #spiir
  spiir-id: "636855548100803752"
  Assets:Checking:Primary  -4183.45 DKK
  Expenses:Other            4183.45 DKK

2019-02-12 * "VDK DKK 210,00" "" #spiir
  spiir-id: "636855548100803753"
  Assets:Checking:Primary   210.00 DKK
  Expenses:Other           -210.00 DKK

2019-02-12 * "VDK DKK 240,00" "Ferieaktiviteter" #spiir
  spiir-id: "636855548100803754"
  Assets:Checking:Primary     -240.00 DKK
  Expenses:Travel:Activities   240.00 DKK

2019-02-12 * "MobilePay: Orion Madsen" "" #spiir
  spiir-id: "636856480956555814"
  Assets:Checking:Primary   3350.00 DKK
  Expenses:Other           -3350.00 DKK

2019-02-12 * "MobilePay ZAGGIS IVS" "" #spiir
  spiir-id: "636856480956555815"
  Assets:Checking:Primary  -15.00 DKK
  Expenses:Other            15.00 DKK

2019-02-12 * "Far Gæld" "Private lån (venner & familie)" #spiir
  spiir-id: "636856480956555816"
  Assets:Checking:Primary  -3349.00 DKK
  Expenses:Loans:Private    3349.00 DKK

2019-02-12 * "madbillet.dk" "Bar, cafe & restaurant" #spiir
  spiir-id: "636856480956555817"
  Assets:Checking:Primary    482.00 DKK
  Expenses:Food:Restaurant  -482.00 DKK

2019-02-12 * "WeShare: Sexytimes" "" #spiir
  spiir-id: "636856480956555818"
  Assets:Checking:Primary   2049.00 DKK
  Expenses:Other           -2049.00 DKK

2019-02-12 * "FRILUFTSLAND A/S" "Tøj, sko & accessories" #spiir
  spiir-id: "636856480956555819"
  Assets:Checking:Primary     -366.00 DKK
  Expenses:Shopping:Clothing   366.00 DKK

2019-02-14 * "VDK DKK 99,00" "Film, musik & læsestof" #spiir
  spiir-id: "636857568875093513"
  Assets:Checking:Primary       -99.00 DKK
  Expenses:Entertainment:Media   99.00 DKK

2019-02-14 * "MobilePay: Lee Ann Hollesen" "" #spiir
  spiir-id: "636858407309813240"
  Assets:Checking:Primary   215.00 DKK
  Expenses:Other           -215.00 DKK

2019-02-15 * "BEYTI ApS" "Fastfood & takeaway" #spiir
  spiir-id: "636858407309813241"
  Assets:Checking:Primary  -51.00 DKK
  Expenses:Food:Takeaway    51.00 DKK

2019-02-15 * "VDK DKK 70,00" "Ferieaktiviteter" #spiir
  spiir-id: "636858407309813242"
  Assets:Checking:Primary     -70.00 DKK
  Expenses:Travel:Activities   70.00 DKK

2019-02-15 * "VDK USD 17,19" "Film, musik & læsestof" #spiir
  spiir-id: "636858407309813243"
  Assets:Checking:Primary       -116.21 DKK
  Expenses:Entertainment:Media   116.21 DKK

2019-02-15 * "KB Hallen" "" #spiir
  spiir-id: "636858407309813244"
  Assets:Checking:Primary  -100.00 DKK
  Expenses:Other            100.00 DKK

2019-02-15 * "KB Hallen" "" #spiir
  spiir-id: "636858407309813245"
  Assets:Checking:Primary  -30.00 DKK
  Expenses:Other            30.00 DKK

2019-02-15 * "SuperB Nørrebrogad" "Dagligvarer" #spiir
  spiir-id: "636859091622357994"
  Assets:Checking:Primary  -117.47 DKK
  Expenses:Food:Groceries   117.47 DKK

2019-02-15 * "THAI & CHINESE" "Fastfood & takeaway" #spiir
  spiir-id: "636859091622357995"
  Assets:Checking:Primary  -75.00 DKK
  Expenses:Food:Takeaway    75.00 DKK

2019-02-15 * "Bulgarien Import E" "Dagligvarer" #spiir
  spiir-id: "636859091622357996"
  Assets:Checking:Primary  -44.50 DKK
  Expenses:Food:Groceries   44.50 DKK

2019-02-16 * "VDK DKK 75,00" "" #spiir
  spiir-id: "636860814575974038"
  Assets:Checking:Primary  -75.00 DKK
  Expenses:Other            75.00 DKK

2019-02-16 * "VDK DKK 45,00" "" #spiir
  spiir-id: "636860814575974039"
  Assets:Checking:Primary  -45.00 DKK
  Expenses:Other            45.00 DKK

2019-02-16 * "VDK DKK 645,00" "" #spiir
  spiir-id: "636860814575974040"
  Assets:Checking:Primary  -645.00 DKK
  Expenses:Other            645.00 DKK

2019-02-16 * "Nørrebro Apotek v/" "Apotek & medicin" #spiir
  spiir-id: "636860814575974041"
  Assets:Checking:Primary   -42.00 DKK
  Expenses:Health:Pharmacy   42.00 DKK

2019-02-16 * "H.W. Larsen & Sønn" "Møbler & boligudstyr" #spiir
  spiir-id: "636860814575974042"
  Assets:Checking:Primary      -141.25 DKK
  Expenses:Shopping:Furniture   141.25 DKK

2019-02-16 * "KIHOSKH A/S" "Kiosk, bager & specialbutikker" #spiir
  spiir-id: "636860814575974043"
  Assets:Checking:Primary  -25.00 DKK
  Expenses:Food:Kiosk       25.00 DKK

2019-02-16 * "KIHOSKH A/S" "Kiosk, bager & specialbutikker" #spiir
  spiir-id: "636860814575974044"
  Assets:Checking:Primary  -32.00 DKK
  Expenses:Food:Kiosk       32.00 DKK

2019-02-17 * "Hyggestund" "Bar, cafe & restaurant" #spiir
  spiir-id: "636860814575974045"
  Assets:Checking:Primary   -325.00 DKK
  Expenses:Food:Restaurant   325.00 DKK

2019-02-17 * "Beta Boulders Cope" "" #spiir
  spiir-id: "636860814575974046"
  Assets:Checking:Primary  -235.00 DKK
  Expenses:Other            235.00 DKK

2019-02-18 * "THE COFFEE COLLECT" "Bar, cafe & restaurant" #spiir
  spiir-id: "636861576032084803"
  Assets:Checking:Primary   -40.00 DKK
  Expenses:Food:Restaurant   40.00 DKK

2019-02-18 * "Netto Landemærket" "Dagligvarer" #spiir
  spiir-id: "636861576032084804"
  Assets:Checking:Primary  -32.95 DKK
  Expenses:Food:Groceries   32.95 DKK

2019-02-19 * "VDK DKK 1000,00" "Tips & lotto" #spiir
  spiir-id: "636861576032084805"
  Assets:Checking:Primary          -1000.00 DKK
  Expenses:Entertainment:Gambling   1000.00 DKK

2019-02-19 * "FLAMINGO KEBAB ApS" "Fastfood & takeaway" #spiir
  spiir-id: "636862640258577757"
  Assets:Checking:Primary  -32.00 DKK
  Expenses:Food:Takeaway    32.00 DKK

2019-02-20 * "MobilePay Mads skjoldann" "" #spiir
  spiir-id: "636864414329634732"
  Assets:Checking:Primary  -1000.00 DKK
  Expenses:Other            1000.00 DKK

2019-02-20 * "HIND MARKED" "Dagligvarer" #spiir
  spiir-id: "636864414329634733"
  Assets:Checking:Primary  -37.00 DKK
  Expenses:Food:Groceries   37.00 DKK

2019-02-20 * "ALHODA HALAL SLAGT" "Dagligvarer" #spiir
  spiir-id: "636864414329634734"
  Assets:Checking:Primary  -125.00 DKK
  Expenses:Food:Groceries   125.00 DKK

2019-02-21 * "Beta Boulders Cope" "" #spiir
  spiir-id: "636864414329634735"
  Assets:Checking:Primary  -800.00 DKK
  Expenses:Other            800.00 DKK

2019-02-22 * "Flying Tiger Cph41" "" #spiir
  spiir-id: "636865100148208415"
  Assets:Checking:Primary  -20.00 DKK
  Expenses:Other            20.00 DKK

2019-02-23 * "MobilePay DSB" "" #spiir
  spiir-id: "636865100148208416"
  Assets:Checking:Primary  -90.00 DKK
  Expenses:Other            90.00 DKK

2019-02-23 * "WeShare: Bro" "Gaver & velgørenhed" #spiir
  spiir-id: "636865100148208417"
  Assets:Checking:Primary   518.00 DKK
  Expenses:Gifts           -518.00 DKK

2019-02-23 * "MobilePay: Jan Dalsgaard" "" #spiir
  spiir-id: "636866004260673713"
  Assets:Checking:Primary   100.00 DKK
  Expenses:Other           -100.00 DKK

2019-02-23 * "portal.postnord.co" "Andet privatforbrug" #spiir
  spiir-id: "636866923136999108"
  Assets:Checking:Primary  -190.00 DKK
  Expenses:Shopping:Other   190.00 DKK

2019-02-23 * "Føtex Prinsessegad" "Dagligvarer" #spiir
  spiir-id: "636866923136999109"
  Assets:Checking:Primary  -327.93 DKK
  Expenses:Food:Groceries   327.93 DKK

2019-02-23 * "K. MATHIASEN OST E" "Dagligvarer" #spiir
  spiir-id: "636866923136999110"
  Assets:Checking:Primary  -82.00 DKK
  Expenses:Food:Groceries   82.00 DKK

2019-02-24 * "MobilePay DSB" "" #spiir
  spiir-id: "636866004260673714"
  Assets:Checking:Primary  -90.00 DKK
  Expenses:Other            90.00 DKK

2019-02-24 * "HIND MARKED" "Dagligvarer" #spiir
  spiir-id: "636866923136999111"
  Assets:Checking:Primary  -70.00 DKK
  Expenses:Food:Groceries   70.00 DKK

2019-02-24 * "Espresso House7147" "Bar, cafe & restaurant" #spiir
  spiir-id: "636866923136999112"
  Assets:Checking:Primary   -55.00 DKK
  Expenses:Food:Restaurant   55.00 DKK

2019-02-25 * "ginkassen.dk" "Tobak & alkohol" #spiir
  spiir-id: "636866923136999113"
  Assets:Checking:Primary  -399.00 DKK
  Expenses:Food:Alcohol     399.00 DKK

2019-02-25 * "MobilePay" "" #spiir
  spiir-id: "636867810428467387"
  Assets:Checking:Primary  -225.00 DKK
  Expenses:Other            225.00 DKK

2019-02-25 * "MobilePay Dan Meakin" "" #spiir
  spiir-id: "636867810428467388"
  Assets:Checking:Primary  -100.00 DKK
  Expenses:Other            100.00 DKK

2019-02-25 * "SPEJDER SPORT" "Tøj, sko & accessories" #spiir
  spiir-id: "636867810428467389"
  Assets:Checking:Primary     -149.00 DKK
  Expenses:Shopping:Clothing   149.00 DKK

2019-02-25 * "HIND MARKED" "Dagligvarer" #spiir
  spiir-id: "636867810428467390"
  Assets:Checking:Primary  -105.00 DKK
  Expenses:Food:Groceries   105.00 DKK

2019-02-26 * "VDK EUR 126,36" "" #spiir
  spiir-id: "636867810428467391"
  Assets:Checking:Primary  -957.32 DKK
  Expenses:Other            957.32 DKK

2019-02-26 * "VDK DKK 58,97" "" #spiir
  spiir-id: "636867810428467392"
  Assets:Checking:Primary  -58.97 DKK
  Expenses:Other            58.97 DKK

2019-02-26 * "Thai Supermarket A" "Dagligvarer" #spiir
  spiir-id: "636868547479829102"
  Assets:Checking:Primary  -47.00 DKK
  Expenses:Food:Groceries   47.00 DKK

2019-02-27 * "Lønoverførsel" "Løn" #spiir
  spiir-id: "636869377691770432"
  Assets:Checking:Primary   25388.33 DKK
  Income:Salary            -25388.33 DKK

2019-02-28 * "VDK DKK 236,00" "" #spiir
  spiir-id: "636869377691770433"
  Assets:Checking:Primary  -236.00 DKK
  Expenses:Other            236.00 DKK

2019-02-28 * "Fælledvej 1 husleje" "Boliglån/husleje" #spiir
  spiir-id: "636869377691770434"
  Assets:Checking:Primary  -6296.00 DKK
  Expenses:House:Mortgage   6296.00 DKK

2019-02-28 * "Dansk Bjergklub" "Sport & fritid" #spiir
  spiir-id: "636870377788500574"
  Assets:Checking:Primary        -999.00 DKK
  Expenses:Entertainment:Sports   999.00 DKK

2019-02-28 * "3´s Kortbetaling" "Telefoni & internet" #spiir
  spiir-id: "636870377788500575"
  Assets:Checking:Primary         -130.00 DKK
  Expenses:Subscriptions:Telecom   130.00 DKK

2019-03-01 * "opsparing" "Anden opsparing" #spiir
  spiir-id: "636870377788500576"
  Assets:Checking:Primary  -5000.00 DKK
  Assets:Savings:Other      5000.00 DKK

2019-03-01 * "VDK DKK 112,00" "" #spiir
  spiir-id: "636870377788500577"
  Assets:Checking:Primary  -112.00 DKK
  Expenses:Other            112.00 DKK

2019-03-02 * "ALHODA HALAL SLAGT" "Dagligvarer" #spiir
  spiir-id: "636873027179665240"
  Assets:Checking:Primary  -61.00 DKK
  Expenses:Food:Groceries   61.00 DKK

2019-03-03 * "MobilePay Zaggis" "" #spiir
  spiir-id: "636873027179665239"
  Assets:Checking:Primary  -15.00 DKK
  Expenses:Other            15.00 DKK

2019-03-03 * "Rejsekort - DSB" "Bus, tog, færge o.l." #spiir
  spiir-id: "636873027179665241"
  Assets:Checking:Primary    -300.00 DKK
  Expenses:Transport:Public   300.00 DKK

2019-03-04 * "Lidl" "Dagligvarer" #spiir
  spiir-id: "636873027179665242"
  Assets:Checking:Primary  -10.00 DKK
  Expenses:Food:Groceries   10.00 DKK

2019-03-05 * "VDK DKK 101,00" "" #spiir
  spiir-id: "636873713119836055"
  Assets:Checking:Primary  -101.00 DKK
  Expenses:Other            101.00 DKK

2019-03-05 * "VDK DKK 145,00" "" #spiir
  spiir-id: "636873713119836056"
  Assets:Checking:Primary  -145.00 DKK
  Expenses:Other            145.00 DKK

2019-03-05 * "VDK DKK 50,00" "Ferieaktiviteter" #spiir
  spiir-id: "636873713119836057"
  Assets:Checking:Primary     -50.00 DKK
  Expenses:Travel:Activities   50.00 DKK

2019-03-05 * "VDK EUR 324,00" "" #spiir
  spiir-id: "636873713119836058"
  Assets:Checking:Primary   2453.29 DKK
  Expenses:Other           -2453.29 DKK

2019-03-05 * "MobilePay: Ole Storjohann" "" #spiir
  spiir-id: "636873713119836059"
  Assets:Checking:Primary   215.00 DKK
  Expenses:Other           -215.00 DKK

2019-03-05 * "Cleavers Meat Mark" "Dagligvarer" #spiir
  spiir-id: "636874637484474580"
  Assets:Checking:Primary  -157.33 DKK
  Expenses:Food:Groceries   157.33 DKK

2019-03-05 * "HIND MARKED" "Dagligvarer" #spiir
  spiir-id: "636874637484474581"
  Assets:Checking:Primary  -7.00 DKK
  Expenses:Food:Groceries   7.00 DKK

2019-03-05 * "Netto Nørrevold" "Dagligvarer" #spiir
  spiir-id: "636874637484474582"
  Assets:Checking:Primary  -21.45 DKK
  Expenses:Food:Groceries   21.45 DKK

2019-03-06 * "Gasoline Grill" "Fastfood & takeaway" #spiir
  spiir-id: "636875431133779178"
  Assets:Checking:Primary  -130.00 DKK
  Expenses:Food:Takeaway    130.00 DKK

2019-03-08 * "MobilePay Dessouky" "" #spiir
  spiir-id: "636876566725141470"
  Assets:Checking:Primary  -80.00 DKK
  Expenses:Other            80.00 DKK

2019-03-09 * "MobilePay Gunnar Davíð Gunnarsson" "" #spiir
  spiir-id: "636877331245974526"
  Assets:Checking:Primary  -55.00 DKK
  Expenses:Other            55.00 DKK

2019-03-09 * "MobilePay Dessouky" "" #spiir
  spiir-id: "636877331245974527"
  Assets:Checking:Primary  -55.00 DKK
  Expenses:Other            55.00 DKK

2019-03-09 * "VDK DKK 98,00" "Andet privatforbrug" #spiir
  spiir-id: "636879076665336148"
  Assets:Checking:Primary  -98.00 DKK
  Expenses:Shopping:Other   98.00 DKK

2019-03-09 * "7-Eleven B 014" "Kiosk, bager & specialbutikker" #spiir
  spiir-id: "636879076665336149"
  Assets:Checking:Primary  -117.85 DKK
  Expenses:Food:Kiosk       117.85 DKK

2019-03-09 * "Falafel-House 2012" "Bar, cafe & restaurant" #spiir
  spiir-id: "636879076665336150"
  Assets:Checking:Primary   -54.00 DKK
  Expenses:Food:Restaurant   54.00 DKK

2019-03-09 * "Byman Sport" "Hobby & sportsudstyr" #spiir
  spiir-id: "636879076665336151"
  Assets:Checking:Primary   -200.00 DKK
  Expenses:Shopping:Sports   200.00 DKK

2019-03-09 * "TODAY" "Dagligvarer" #spiir
  spiir-id: "636879076665336152"
  Assets:Checking:Primary  -59.00 DKK
  Expenses:Food:Groceries   59.00 DKK

2019-03-10 * "Copenhagen boulder" "Sport & fritid" #spiir
  spiir-id: "636879076665336153"
  Assets:Checking:Primary        -90.00 DKK
  Expenses:Entertainment:Sports   90.00 DKK

2019-03-11 * "fjællræven epic st" "Tøj, sko & accessories" #spiir
  spiir-id: "636880004916270270"
  Assets:Checking:Primary     -359.10 DKK
  Expenses:Shopping:Clothing   359.10 DKK

2019-03-12 * "VDK DKK 52,00" "Film, musik & læsestof" #spiir
  spiir-id: "636880004916270271"
  Assets:Checking:Primary       -52.00 DKK
  Expenses:Entertainment:Media   52.00 DKK

2019-03-12 * "VDK DKK 78,00" "" #spiir
  spiir-id: "636880004916270272"
  Assets:Checking:Primary  -78.00 DKK
  Expenses:Other            78.00 DKK

2019-03-13 * "12238 Profil Optik" "Briller & kontaktlinser" #spiir
  spiir-id: "636881750446115510"
  Assets:Checking:Primary  -498.00 DKK
  Expenses:Health:Vision    498.00 DKK

2019-03-13 * "Fakta 324" "Dagligvarer" #spiir
  spiir-id: "636881750446115511"
  Assets:Checking:Primary  -74.55 DKK
  Expenses:Food:Groceries   74.55 DKK

2019-03-13 * "tandlægen.dk - Kbh" "Behandling & læger" #spiir
  spiir-id: "636881750446115512"
  Assets:Checking:Primary  -113.00 DKK
  Expenses:Health:Doctor    113.00 DKK

2019-03-14 * "VDK DKK 99,00" "Film, musik & læsestof" #spiir
  spiir-id: "636881750446115513"
  Assets:Checking:Primary       -99.00 DKK
  Expenses:Entertainment:Media   99.00 DKK

2019-03-14 * "Risteriet Aps" "Bar, cafe & restaurant" #spiir
  spiir-id: "636881750446115514"
  Assets:Checking:Primary   -30.00 DKK
  Expenses:Food:Restaurant   30.00 DKK

2019-03-14 * "KIROPRAKTORERNE WE" "Behandling & læger" #spiir
  spiir-id: "636881750446115515"
  Assets:Checking:Primary  -594.13 DKK
  Expenses:Health:Doctor    594.13 DKK

2019-03-14 * "MobilePay Frisør Hans" "" #spiir
  spiir-id: "636881750446115516"
  Assets:Checking:Primary  -180.00 DKK
  Expenses:Other            180.00 DKK

2019-03-14 * "Risteriet Aps" "Bar, cafe & restaurant" #spiir
  spiir-id: "636881750446115517"
  Assets:Checking:Primary   -20.00 DKK
  Expenses:Food:Restaurant   20.00 DKK

2019-03-14 * "BEYTI ApS" "Fastfood & takeaway" #spiir
  spiir-id: "636881750446115518"
  Assets:Checking:Primary  -58.00 DKK
  Expenses:Food:Takeaway    58.00 DKK

2019-03-15 * "VDK DKK 24,00" "" #spiir
  spiir-id: "636882511691160237"
  Assets:Checking:Primary  -24.00 DKK
  Expenses:Other            24.00 DKK

2019-03-15 * "VDK DKK 70,00" "Ferieaktiviteter" #spiir
  spiir-id: "636882511691160238"
  Assets:Checking:Primary     -70.00 DKK
  Expenses:Travel:Activities   70.00 DKK

2019-03-15 * "VDK USD 17,19" "Film, musik & læsestof" #spiir
  spiir-id: "636882511691160239"
  Assets:Checking:Primary       -116.00 DKK
  Expenses:Entertainment:Media   116.00 DKK

2019-03-17 * "Rejsekort - DSB" "Bus, tog, færge o.l." #spiir
  spiir-id: "636885073478313316"
  Assets:Checking:Primary    -300.00 DKK
  Expenses:Transport:Public   300.00 DKK

2019-03-17 * "Netto Backersvej" "Dagligvarer" #spiir
  spiir-id: "636885073478313317"
  Assets:Checking:Primary  -104.05 DKK
  Expenses:Food:Groceries   104.05 DKK

2019-03-18 * "Risteriet Aps" "Bar, cafe & restaurant" #spiir
  spiir-id: "636885073478313318"
  Assets:Checking:Primary   -30.00 DKK
  Expenses:Food:Restaurant   30.00 DKK

2019-03-18 * "KIROPRAKTORERNE WE" "Behandling & læger" #spiir
  spiir-id: "636885073478313319"
  Assets:Checking:Primary  -311.00 DKK
  Expenses:Health:Doctor    311.00 DKK

2019-03-19 * "VDK DKK 40,00" "Bar, cafe & restaurant" #spiir
  spiir-id: "636886005346075942"
  Assets:Checking:Primary   -40.00 DKK
  Expenses:Food:Restaurant   40.00 DKK

2019-03-19 * "VDK SEK 277,60" "" #spiir
  spiir-id: "636886005346075943"
  Assets:Checking:Primary  -201.26 DKK
  Expenses:Other            201.26 DKK

2019-03-19 * "VDK SEK 315,00" "Ferieaktiviteter" #spiir
  spiir-id: "636886005346075944"
  Assets:Checking:Primary     -228.39 DKK
  Expenses:Travel:Activities   228.39 DKK

2019-03-19 * "VDK SEK 18,00" "Ferieaktiviteter" #spiir
  spiir-id: "636886005346075945"
  Assets:Checking:Primary     -13.05 DKK
  Expenses:Travel:Activities   13.05 DKK

2019-03-19 * "VDK SEK 28,00" "Ferieaktiviteter" #spiir
  spiir-id: "636886005346075946"
  Assets:Checking:Primary     -20.30 DKK
  Expenses:Travel:Activities   20.30 DKK

2019-03-19 * "VDK SEK 335,00" "Ferieaktiviteter" #spiir
  spiir-id: "636886005346075947"
  Assets:Checking:Primary     -242.88 DKK
  Expenses:Travel:Activities   242.88 DKK

2019-03-19 * "MobilePay: Dan Meakin" "" #spiir
  spiir-id: "636886642416842532"
  Assets:Checking:Primary   35.00 DKK
  Expenses:Other           -35.00 DKK

2019-03-19 * "MobilePay: Dessouky" "" #spiir
  spiir-id: "636886642416842533"
  Assets:Checking:Primary   35.00 DKK
  Expenses:Other           -35.00 DKK

2019-03-19 * "Ølbaren" "Bar, cafe & restaurant" #spiir
  spiir-id: "636886642416842534"
  Assets:Checking:Primary   -43.00 DKK
  Expenses:Food:Restaurant   43.00 DKK

2019-03-19 * "DR" "TV & streaming" #spiir
  spiir-id: "636886642416842535"
  Assets:Checking:Primary           -20.00 DKK
  Expenses:Subscriptions:Streaming   20.00 DKK

2019-03-19 * "DR" "TV & streaming" #spiir
  spiir-id: "636886642416842536"
  Assets:Checking:Primary           -30.00 DKK
  Expenses:Subscriptions:Streaming   30.00 DKK

2019-03-20 * "Mexican Ranger ApS" "Fastfood & takeaway" #spiir
  spiir-id: "636886642416842537"
  Assets:Checking:Primary  -130.00 DKK
  Expenses:Food:Takeaway    130.00 DKK

2019-03-20 * "Mexican Ranger ApS" "Fastfood & takeaway" #spiir
  spiir-id: "636886642416842538"
  Assets:Checking:Primary  -75.00 DKK
  Expenses:Food:Takeaway    75.00 DKK

2019-03-20 * "Mexican Ranger ApS" "Fastfood & takeaway" #spiir
  spiir-id: "636886642416842539"
  Assets:Checking:Primary  -106.00 DKK
  Expenses:Food:Takeaway    106.00 DKK

2019-03-20 * "VDK EUR 79,02" "" #spiir
  spiir-id: "636886642416842540"
  Assets:Checking:Primary  -598.81 DKK
  Expenses:Other            598.81 DKK

2019-03-20 * "MobilePay Zaggis" "" #spiir
  spiir-id: "636887541134103806"
  Assets:Checking:Primary  -30.00 DKK
  Expenses:Other            30.00 DKK

2019-03-20 * "SuperB Nørrebrogad" "Dagligvarer" #spiir
  spiir-id: "636887541134103807"
  Assets:Checking:Primary  -171.67 DKK
  Expenses:Food:Groceries   171.67 DKK

2019-03-21 * "VDK DKK 45,00" "" #spiir
  spiir-id: "636887541134103808"
  Assets:Checking:Primary  -45.00 DKK
  Expenses:Other            45.00 DKK

2019-03-21 * "VDK DKK 30,00" "Ferieaktiviteter" #spiir
  spiir-id: "636887541134103809"
  Assets:Checking:Primary     -30.00 DKK
  Expenses:Travel:Activities   30.00 DKK

2019-03-21 * "VDK EUR 223,52" "" #spiir
  spiir-id: "636887541134103810"
  Assets:Checking:Primary  -1693.48 DKK
  Expenses:Other            1693.48 DKK

2019-03-21 * "VDK DKK 45,00" "" #spiir
  spiir-id: "636887541134103811"
  Assets:Checking:Primary  -45.00 DKK
  Expenses:Other            45.00 DKK

2019-03-21 * "MobilePay Zaggis" "" #spiir
  spiir-id: "636887541134103812"
  Assets:Checking:Primary  -15.00 DKK
  Expenses:Other            15.00 DKK

2019-03-21 * "MobilePay Nataliia Tolstikova" "" #spiir
  spiir-id: "636889172153533231"
  Assets:Checking:Primary  -50.00 DKK
  Expenses:Other            50.00 DKK

2019-03-21 * "KIROPRAKTORERNE WE" "Behandling & læger" #spiir
  spiir-id: "636889172153533232"
  Assets:Checking:Primary  -311.00 DKK
  Expenses:Health:Doctor    311.00 DKK

2019-03-21 * "MobilePay Tina Jensen" "" #spiir
  spiir-id: "636889172153533233"
  Assets:Checking:Primary  -850.00 DKK
  Expenses:Other            850.00 DKK

2019-03-22 * "VDK DKK 90,00" "Bar, cafe & restaurant" #spiir
  spiir-id: "636889172153533234"
  Assets:Checking:Primary   -90.00 DKK
  Expenses:Food:Restaurant   90.00 DKK

2019-03-22 * "VDK DKK 90,00" "Bar, cafe & restaurant" #spiir
  spiir-id: "636889172153533235"
  Assets:Checking:Primary   -90.00 DKK
  Expenses:Food:Restaurant   90.00 DKK

2019-03-22 * "VDK EUR 8,99" "" #spiir
  spiir-id: "636889172153533236"
  Assets:Checking:Primary  -68.11 DKK
  Expenses:Other            68.11 DKK

2019-03-22 * "MobilePay: Morten Rønne" "" #spiir
  spiir-id: "636889172153533237"
  Assets:Checking:Primary   1800.00 DKK
  Expenses:Other           -1800.00 DKK

2019-03-23 * "VDK EUR 112,36" "" #spiir
  spiir-id: "636891127353753180"
  Assets:Checking:Primary  -851.34 DKK
  Expenses:Other            851.34 DKK

2019-03-23 * "VDK DKK 50,00" "Ferieaktiviteter" #spiir
  spiir-id: "636891127353753181"
  Assets:Checking:Primary     -50.00 DKK
  Expenses:Travel:Activities   50.00 DKK

2019-03-23 * "Mexican Ranger ApS" "Fastfood & takeaway" #spiir
  spiir-id: "636891127353753182"
  Assets:Checking:Primary  -280.00 DKK
  Expenses:Food:Takeaway    280.00 DKK

2019-03-23 * "Carhartt Store" "Tøj, sko & accessories" #spiir
  spiir-id: "636891127353753183"
  Assets:Checking:Primary     -700.00 DKK
  Expenses:Shopping:Clothing   700.00 DKK

2019-03-24 * "MobilePay Ny DSB App" "" #spiir
  spiir-id: "636891127353753179"
  Assets:Checking:Primary  -744.00 DKK
  Expenses:Other            744.00 DKK

2019-03-24 * "Wulff & Konstali F" "Bar, cafe & restaurant" #spiir
  spiir-id: "636891127353753184"
  Assets:Checking:Primary   -377.00 DKK
  Expenses:Food:Restaurant   377.00 DKK

2019-03-26 * "VDK DKK 85,50" "" #spiir
  spiir-id: "636891957640441152"
  Assets:Checking:Primary  -85.50 DKK
  Expenses:Other            85.50 DKK

2019-03-26 * "VDK DKK 85,50" "" #spiir
  spiir-id: "636891957640441153"
  Assets:Checking:Primary  -85.50 DKK
  Expenses:Other            85.50 DKK

2019-03-26 * "VDK DKK 45,00" "" #spiir
  spiir-id: "636891957640441154"
  Assets:Checking:Primary  -45.00 DKK
  Expenses:Other            45.00 DKK

2019-03-26 * "VDK DKK 85,50" "" #spiir
  spiir-id: "636891957640441155"
  Assets:Checking:Primary  -85.50 DKK
  Expenses:Other            85.50 DKK

2019-03-26 * "VDK DKK 81,00" "Online services & software" #spiir
  spiir-id: "636891957640441156"
  Assets:Checking:Primary          -81.00 DKK
  Expenses:Subscriptions:Software   81.00 DKK

2019-03-26 * "VDK DKK 40,00" "Bar, cafe & restaurant" #spiir
  spiir-id: "636891957640441157"
  Assets:Checking:Primary   -40.00 DKK
  Expenses:Food:Restaurant   40.00 DKK

2019-03-27 * "KIROPRAKTORERNE WE" "Behandling & læger" #spiir
  spiir-id: "636892887597746627"
  Assets:Checking:Primary  -311.00 DKK
  Expenses:Health:Doctor    311.00 DKK

2019-03-27 * "Fakta 324" "Dagligvarer" #spiir
  spiir-id: "636893515831579875"
  Assets:Checking:Primary  -15.50 DKK
  Expenses:Food:Groceries   15.50 DKK

2019-03-27 * "SuperB Nørrebrogad" "Dagligvarer" #spiir
  spiir-id: "636893515831579876"
  Assets:Checking:Primary  -220.84 DKK
  Expenses:Food:Groceries   220.84 DKK

2019-03-28 * "VDK DKK 315,00" "Ferieaktiviteter" #spiir
  spiir-id: "636893515831579877"
  Assets:Checking:Primary     -315.00 DKK
  Expenses:Travel:Activities   315.00 DKK

2019-03-28 * "TAFFELBAY" "Kiosk, bager & specialbutikker" #spiir
  spiir-id: "636894406141829437"
  Assets:Checking:Primary  -78.00 DKK
  Expenses:Food:Kiosk       78.00 DKK

2019-03-28 * "Restaurant Relæ" "Bar, cafe & restaurant" #spiir
  spiir-id: "636894406141829438"
  Assets:Checking:Primary   -2160.00 DKK
  Expenses:Food:Restaurant   2160.00 DKK

2019-03-28 * "Lønoverførsel" "Løn" #spiir
  spiir-id: "636894406141829439"
  Assets:Checking:Primary   25388.33 DKK
  Income:Salary            -25388.33 DKK

2019-03-29 * "VDK DKK 36,00" "Fastfood & takeaway" #spiir
  spiir-id: "636894406141829440"
  Assets:Checking:Primary  -36.00 DKK
  Expenses:Food:Takeaway    36.00 DKK

2019-03-29 * "VDK DKK 75,15" "" #spiir
  spiir-id: "636894406141829441"
  Assets:Checking:Primary  -75.15 DKK
  Expenses:Other            75.15 DKK

2019-03-29 * "Fælledvej 1 husleje" "Boliglån/husleje" #spiir
  spiir-id: "636894406141829442"
  Assets:Checking:Primary  -6296.00 DKK
  Expenses:House:Mortgage   6296.00 DKK

2019-03-29 * "MobilePay Zaggis" "" #spiir
  spiir-id: "636895409158780332"
  Assets:Checking:Primary  -15.00 DKK
  Expenses:Other            15.00 DKK

2019-03-29 * "Café Svejk" "Bar, cafe & restaurant" #spiir
  spiir-id: "636895409158780333"
  Assets:Checking:Primary   -50.00 DKK
  Expenses:Food:Restaurant   50.00 DKK

2019-03-29 * "Gebyrer i alt" "Bankgebyrer" #spiir
  spiir-id: "636895409158780334"
  Assets:Checking:Primary  -90.00 DKK
  Expenses:Bank:Fees        90.00 DKK

2019-03-29 * "3´s Kortbetaling" "Telefoni & internet" #spiir
  spiir-id: "636897308701126730"
  Assets:Checking:Primary         -130.00 DKK
  Expenses:Subscriptions:Telecom   130.00 DKK

2019-03-29 * "Cafe Lindevang ApS" "Bar, cafe & restaurant" #spiir
  spiir-id: "636897308701126731"
  Assets:Checking:Primary   -1765.00 DKK
  Expenses:Food:Restaurant   1765.00 DKK

2019-03-30 * "WeShare: Duuuudes" "Biograf, koncerter & forlystelser" #spiir
  spiir-id: "636896223382968255"
  Assets:Checking:Primary         453.45 DKK
  Expenses:Entertainment:Events  -453.45 DKK

2019-03-30 * "WeShare: Duuuudes" "Biograf, koncerter & forlystelser" #spiir
  spiir-id: "636896223382968256"
  Assets:Checking:Primary         496.67 DKK
  Expenses:Entertainment:Events  -496.67 DKK

2019-03-30 * "WeShare: Duuuudes" "Biograf, koncerter & forlystelser" #spiir
  spiir-id: "636896223382968257"
  Assets:Checking:Primary         173.11 DKK
  Expenses:Entertainment:Events  -173.11 DKK

2019-03-30 * "Akademikernes A-Kasse" "Fagforening & a-kasse" #spiir
  spiir-id: "636897308701126732"
  Assets:Checking:Primary   -1320.00 DKK
  Expenses:Insurance:Union   1320.00 DKK

2019-03-31 * "WeShare: Duuuudes" "Biograf, koncerter & forlystelser" #spiir
  spiir-id: "636897308701126729"
  Assets:Checking:Primary         368.43 DKK
  Expenses:Entertainment:Events  -368.43 DKK

2019-03-31 * "Mexican Ranger ApS" "Fastfood & takeaway" #spiir
  spiir-id: "636897308701126733"
  Assets:Checking:Primary  -106.00 DKK
  Expenses:Food:Takeaway    106.00 DKK

2019-04-01 * "REFFEN" "Bar, cafe & restaurant" #spiir
  spiir-id: "636897308701126734"
  Assets:Checking:Primary   -55.00 DKK
  Expenses:Food:Restaurant   55.00 DKK

2019-04-01 * "opsparing" "Anden opsparing" #spiir
  spiir-id: "636897308701126735"
  Assets:Checking:Primary  -5000.00 DKK
  Assets:Savings:Other      5000.00 DKK

2019-04-01 * "Kærestekonto" "Dagligvarer" #spiir
  spiir-id: "636897308701126736"
  Assets:Checking:Primary  -1500.00 DKK
  Expenses:Food:Groceries   1500.00 DKK

2019-04-02 * "Automatudbetaling 2121-3774" "" #spiir
  spiir-id: "636898144200926361"
  Assets:Checking:Primary  -100.00 DKK
  Expenses:Other            100.00 DKK

2019-04-02 * "VDK DKK 100,00" "Tøj, sko & accessories" #spiir
  spiir-id: "636898144200926362"
  Assets:Checking:Primary     -100.00 DKK
  Expenses:Shopping:Clothing   100.00 DKK

2019-04-02 * "VDK DKK 40,00" "Bar, cafe & restaurant" #spiir
  spiir-id: "636898144200926363"
  Assets:Checking:Primary   -40.00 DKK
  Expenses:Food:Restaurant   40.00 DKK

2019-04-02 * "VDK DKK 150,00" "" #spiir
  spiir-id: "636898144200926364"
  Assets:Checking:Primary  -150.00 DKK
  Expenses:Other            150.00 DKK

2019-04-02 * "VDK DKK 135,00" "" #spiir
  spiir-id: "636898144200926365"
  Assets:Checking:Primary  -135.00 DKK
  Expenses:Other            135.00 DKK

2019-04-02 * "VDK DKK 105,00" "" #spiir
  spiir-id: "636898144200926366"
  Assets:Checking:Primary  -105.00 DKK
  Expenses:Other            105.00 DKK

2019-04-02 * "VDK DKK 38,00" "Online services & software" #spiir
  spiir-id: "636898144200926367"
  Assets:Checking:Primary          -38.00 DKK
  Expenses:Subscriptions:Software   38.00 DKK

2019-04-02 * "VDK DKK 49,00" "Ferieaktiviteter" #spiir
  spiir-id: "636898144200926368"
  Assets:Checking:Primary     -49.00 DKK
  Expenses:Travel:Activities   49.00 DKK

2019-04-02 * "VDK DKK 1500,00" "Tips & lotto" #spiir
  spiir-id: "636898144200926369"
  Assets:Checking:Primary          -1500.00 DKK
  Expenses:Entertainment:Gambling   1500.00 DKK

2019-04-02 * "Rejsekort - DSB" "Bus, tog, færge o.l." #spiir
  spiir-id: "636898144200926370"
  Assets:Checking:Primary    -300.00 DKK
  Expenses:Transport:Public   300.00 DKK

2019-04-03 * "KIROPRAKTORERNE WE" "Behandling & læger" #spiir
  spiir-id: "636899014089479296"
  Assets:Checking:Primary  -310.19 DKK
  Expenses:Health:Doctor    310.19 DKK

2019-04-04 * "VDK DKK 40,00" "Bar, cafe & restaurant" #spiir
  spiir-id: "636899677879625280"
  Assets:Checking:Primary   -40.00 DKK
  Expenses:Food:Restaurant   40.00 DKK

2019-04-04 * "VDK DKK 62,00" "Film, musik & læsestof" #spiir
  spiir-id: "636899677879625281"
  Assets:Checking:Primary       -62.00 DKK
  Expenses:Entertainment:Media   62.00 DKK

2019-04-04 * "VDK DKK 50,00" "Ferieaktiviteter" #spiir
  spiir-id: "636899677879625282"
  Assets:Checking:Primary     -50.00 DKK
  Expenses:Travel:Activities   50.00 DKK

2019-04-04 * "VDK DKK 50,00" "Ferieaktiviteter" #spiir
  spiir-id: "636899677879625283"
  Assets:Checking:Primary     -50.00 DKK
  Expenses:Travel:Activities   50.00 DKK

2019-04-04 * "VDK DKK 35,00" "" #spiir
  spiir-id: "636899677879625284"
  Assets:Checking:Primary  -35.00 DKK
  Expenses:Other            35.00 DKK

2019-04-04 * "ECCO Købmagergade" "Tøj, sko & accessories" #spiir
  spiir-id: "636900598045780176"
  Assets:Checking:Primary     -30.00 DKK
  Expenses:Shopping:Clothing   30.00 DKK

2019-04-04 * "MobilePay: Toby Moore" "" #spiir
  spiir-id: "636900598045780177"
  Assets:Checking:Primary   133.00 DKK
  Expenses:Other           -133.00 DKK

2019-04-04 * "WARPIGS BREWPUB" "Bar, cafe & restaurant" #spiir
  spiir-id: "636900598045780178"
  Assets:Checking:Primary   -262.00 DKK
  Expenses:Food:Restaurant   262.00 DKK

2019-04-04 * "The Body Shop Købm" "Frisør & personlig pleje" #spiir
  spiir-id: "636900598045780179"
  Assets:Checking:Primary          -150.00 DKK
  Expenses:Shopping:Personal-Care   150.00 DKK

2019-04-05 * "VDK DKK 15,00" "" #spiir
  spiir-id: "636900598045780180"
  Assets:Checking:Primary  -15.00 DKK
  Expenses:Other            15.00 DKK

2019-04-05 * "OVERSKYDENDE SKAT" "Overskydende skat" #spiir
  spiir-id: "636900598045780181"
  Assets:Checking:Primary   958.00 DKK
  Income:Tax:Refund        -958.00 DKK

2019-04-05 * "MobilePay: Jasper Arildslund" "" #spiir
  spiir-id: "636900598045780182"
  Assets:Checking:Primary   66.00 DKK
  Expenses:Other           -66.00 DKK

2019-04-05 * "MobilePay Martin Mráz" "" #spiir
  spiir-id: "636900598045780183"
  Assets:Checking:Primary  -50.00 DKK
  Expenses:Other            50.00 DKK

2019-04-05 * "Dry & Bitter ApS" "Bar, cafe & restaurant" #spiir
  spiir-id: "636900598045780184"
  Assets:Checking:Primary   -50.00 DKK
  Expenses:Food:Restaurant   50.00 DKK

2019-04-05 * "MobilePay Lars Bukkehave" "" #spiir
  spiir-id: "636901319099817179"
  Assets:Checking:Primary  -500.00 DKK
  Expenses:Other            500.00 DKK

2019-04-05 * "MobilePay Ny DSB App" "" #spiir
  spiir-id: "636901319099817180"
  Assets:Checking:Primary  -570.00 DKK
  Expenses:Other            570.00 DKK

2019-04-06 * "VDK DKK 145,00" "" #spiir
  spiir-id: "636903324598023722"
  Assets:Checking:Primary  -145.00 DKK
  Expenses:Other            145.00 DKK

2019-04-06 * "Videokiosken v/Bet" "" #spiir
  spiir-id: "636903324598023723"
  Assets:Checking:Primary  -33.00 DKK
  Expenses:Other            33.00 DKK

2019-04-08 * "Kiosk Døgneren ApS" "Kiosk, bager & specialbutikker" #spiir
  spiir-id: "636903324598023724"
  Assets:Checking:Primary  -32.50 DKK
  Expenses:Food:Kiosk       32.50 DKK

2019-04-10 * "MATAS - 14420" "Frisør & personlig pleje" #spiir
  spiir-id: "636905548003245923"
  Assets:Checking:Primary          -109.95 DKK
  Expenses:Shopping:Personal-Care   109.95 DKK

2019-04-10 * "SuperB Nørrebrogad" "Dagligvarer" #spiir
  spiir-id: "636905548003245924"
  Assets:Checking:Primary  -70.90 DKK
  Expenses:Food:Groceries   70.90 DKK

2019-04-10 * "Take & Eat" "Fastfood & takeaway" #spiir
  spiir-id: "636905548003245925"
  Assets:Checking:Primary  -55.00 DKK
  Expenses:Food:Takeaway    55.00 DKK

2019-04-12 * "TAFFELBAY" "Kiosk, bager & specialbutikker" #spiir
  spiir-id: "636907274225705054"
  Assets:Checking:Primary  -78.00 DKK
  Expenses:Food:Kiosk       78.00 DKK

2019-04-13 * "VDK DKK 37,00" "" #spiir
  spiir-id: "636909055045835199"
  Assets:Checking:Primary  -37.00 DKK
  Expenses:Other            37.00 DKK

2019-04-14 * "MobilePay CUB Coffee Bar - Strandlodsvej" "" #spiir
  spiir-id: "636909055045835198"
  Assets:Checking:Primary  -67.00 DKK
  Expenses:Other            67.00 DKK

2019-04-15 * "MobilePay PostNord Danmark" "" #spiir
  spiir-id: "636910096133064211"
  Assets:Checking:Primary  -275.00 DKK
  Expenses:Other            275.00 DKK

2019-04-15 * "Nørrebro Apotek v/" "Apotek & medicin" #spiir
  spiir-id: "636910096133064212"
  Assets:Checking:Primary   -113.40 DKK
  Expenses:Health:Pharmacy   113.40 DKK

2019-04-16 * "VDK DKK 72,75" "Anden transport" #spiir
  spiir-id: "636910096133064213"
  Assets:Checking:Primary   -72.75 DKK
  Expenses:Transport:Other   72.75 DKK

2019-04-16 * "VDK DKK 99,00" "Film, musik & læsestof" #spiir
  spiir-id: "636910096133064214"
  Assets:Checking:Primary       -99.00 DKK
  Expenses:Entertainment:Media   99.00 DKK

2019-04-16 * "VDK DKK 70,00" "Ferieaktiviteter" #spiir
  spiir-id: "636910096133064215"
  Assets:Checking:Primary     -70.00 DKK
  Expenses:Travel:Activities   70.00 DKK

2019-04-16 * "VDK DKK 70,00" "Ferieaktiviteter" #spiir
  spiir-id: "636910096133064216"
  Assets:Checking:Primary     -70.00 DKK
  Expenses:Travel:Activities   70.00 DKK

2019-04-16 * "VDK DKK 67,00" "Online services & software" #spiir
  spiir-id: "636910096133064217"
  Assets:Checking:Primary          -67.00 DKK
  Expenses:Subscriptions:Software   67.00 DKK

2019-04-16 * "VDK USD 17,19" "Film, musik & læsestof" #spiir
  spiir-id: "636910096133064218"
  Assets:Checking:Primary       -116.34 DKK
  Expenses:Entertainment:Media   116.34 DKK

2019-04-16 * "MobilePay John's Hotdog Deli" "" #spiir
  spiir-id: "636910096133064219"
  Assets:Checking:Primary  -100.00 DKK
  Expenses:Other            100.00 DKK

2019-04-16 * "MobilePay Marius Bjerre-Petersen" "" #spiir
  spiir-id: "636911023586504444"
  Assets:Checking:Primary  -3000.00 DKK
  Expenses:Other            3000.00 DKK

2019-04-17 * "VDK DKK 32,00" "Ferieaktiviteter" #spiir
  spiir-id: "636911023586504445"
  Assets:Checking:Primary     -32.00 DKK
  Expenses:Travel:Activities   32.00 DKK

2019-04-17 * "MobilePay Jan Dalsgaard" "" #spiir
  spiir-id: "636911874633146456"
  Assets:Checking:Primary  -500.00 DKK
  Expenses:Other            500.00 DKK

2019-04-17 * "AMAGER BOG & IDE" "Film, musik & læsestof" #spiir
  spiir-id: "636911874633146457"
  Assets:Checking:Primary       -234.90 DKK
  Expenses:Entertainment:Media   234.90 DKK

2019-04-17 * "Salon Lyck" "Frisør & personlig pleje" #spiir
  spiir-id: "636911874633146458"
  Assets:Checking:Primary          -405.00 DKK
  Expenses:Shopping:Personal-Care   405.00 DKK

2019-04-17 * "Gebr. Heinemann" "Bar, cafe & restaurant" #spiir
  spiir-id: "636911874633146459"
  Assets:Checking:Primary   -22.00 DKK
  Expenses:Food:Restaurant   22.00 DKK

2019-04-18 * "VDK DKK 40,00" "Bar, cafe & restaurant" #spiir
  spiir-id: "636917180598034528"
  Assets:Checking:Primary   -40.00 DKK
  Expenses:Food:Restaurant   40.00 DKK

2019-04-18 * "Mikkellea Bar CPH" "Bar, cafe & restaurant" #spiir
  spiir-id: "636917180598034529"
  Assets:Checking:Primary   -85.00 DKK
  Expenses:Food:Restaurant   85.00 DKK

2019-04-21 * "SCANDLINES CATERIN" "Ferieaktiviteter" #spiir
  spiir-id: "636917180598034530"
  Assets:Checking:Primary     -519.95 DKK
  Expenses:Travel:Activities   519.95 DKK

2019-04-21 * "SCANDLINES CATERIN" "Ferieaktiviteter" #spiir
  spiir-id: "636917180598034531"
  Assets:Checking:Primary     -42.95 DKK
  Expenses:Travel:Activities   42.95 DKK

2019-04-22 * "MobilePay: Marius Bjerre-Petersen" "" #spiir
  spiir-id: "636917180598034526"
  Assets:Checking:Primary   3000.00 DKK
  Expenses:Other           -3000.00 DKK

2019-04-22 * "MobilePay WeShare" "" #spiir
  spiir-id: "636917180598034527"
  Assets:Checking:Primary  -2737.11 DKK
  Expenses:Other            2737.11 DKK

2019-04-22 * "Kiosk Døgneren ApS" "Kiosk, bager & specialbutikker" #spiir
  spiir-id: "636917180598034532"
  Assets:Checking:Primary  -18.00 DKK
  Expenses:Food:Kiosk       18.00 DKK

2019-04-23 * "Rejsekort - DSB" "Bus, tog, færge o.l." #spiir
  spiir-id: "636917180598034533"
  Assets:Checking:Primary    -300.00 DKK
  Expenses:Transport:Public   300.00 DKK

2019-04-23 * "MobilePay Tina Jensen" "" #spiir
  spiir-id: "636917180598034534"
  Assets:Checking:Primary  -3500.00 DKK
  Expenses:Other            3500.00 DKK

2019-04-23 * "MobilePay ZAGGIS" "" #spiir
  spiir-id: "636917180598034535"
  Assets:Checking:Primary  -15.00 DKK
  Expenses:Other            15.00 DKK

2019-04-23 * "Samsøe & Samsøe" "Tøj, sko & accessories" #spiir
  spiir-id: "636917180598034536"
  Assets:Checking:Primary     -700.00 DKK
  Expenses:Shopping:Clothing   700.00 DKK

2019-04-24 * "VDK DKK 2500,00" "Tips & lotto" #spiir
  spiir-id: "636917180598034537"
  Assets:Checking:Primary          -2500.00 DKK
  Expenses:Entertainment:Gambling   2500.00 DKK

2019-04-24 * "VDK DKK 10,00" "Film, musik & læsestof" #spiir
  spiir-id: "636917180598034538"
  Assets:Checking:Primary       -10.00 DKK
  Expenses:Entertainment:Media   10.00 DKK

2019-04-24 * "Take & Eat" "Fastfood & takeaway" #spiir
  spiir-id: "636917180598034539"
  Assets:Checking:Primary  -40.00 DKK
  Expenses:Food:Takeaway    40.00 DKK

2019-04-24 * "Beta Boulders Cope" "Bar, cafe & restaurant" #spiir
  spiir-id: "636917180598034540"
  Assets:Checking:Primary   -35.00 DKK
  Expenses:Food:Restaurant   35.00 DKK

2019-04-24 * "sportmaster.dk" "Tøj, sko & accessories" #spiir
  spiir-id: "636917883544999961"
  Assets:Checking:Primary     -787.00 DKK
  Expenses:Shopping:Clothing   787.00 DKK

2019-04-25 * "VDK DKK 67,00" "Online services & software" #spiir
  spiir-id: "636917883544999962"
  Assets:Checking:Primary          -67.00 DKK
  Expenses:Subscriptions:Software   67.00 DKK

2019-04-25 * "El og varme" "El, vand, varme & renovation" #spiir
  spiir-id: "636917883544999963"
  Assets:Checking:Primary   3646.65 DKK
  Expenses:House:Heating   -3646.65 DKK

2019-04-25 * "MobilePay ZAGGIS" "" #spiir
  spiir-id: "636918795849433449"
  Assets:Checking:Primary  -15.00 DKK
  Expenses:Other            15.00 DKK

2019-04-25 * "nemmobil.dk" "Elektronik & computerudstyr" #spiir
  spiir-id: "636918795849433450"
  Assets:Checking:Primary        -1378.00 DKK
  Expenses:Shopping:Electronics   1378.00 DKK

2019-04-25 * "Sportmaster Vimmel" "Tøj, sko & accessories" #spiir
  spiir-id: "636918795849433451"
  Assets:Checking:Primary      487.00 DKK
  Expenses:Shopping:Clothing  -487.00 DKK

2019-04-26 * "MOB.PAY*ZAGGIS\\ \\KOBENHAVN K \\" "" #spiir
  spiir-id: "636918795849433452"
  Assets:Checking:Primary  -15.00 DKK
  Expenses:Other            15.00 DKK

2019-04-26 * "MobilePay ZAGGIS" "" #spiir
  spiir-id: "636918795849433453"
  Assets:Checking:Primary  -15.00 DKK
  Expenses:Other            15.00 DKK

2019-04-26 * "FJELD & FRITID" "Tøj, sko & accessories" #spiir
  spiir-id: "636918795849433454"
  Assets:Checking:Primary     -45.00 DKK
  Expenses:Shopping:Clothing   45.00 DKK

2019-04-27 * "Samsøe & Samsøe" "Tøj, sko & accessories" #spiir
  spiir-id: "636921219960738970"
  Assets:Checking:Primary     -300.00 DKK
  Expenses:Shopping:Clothing   300.00 DKK

2019-04-28 * "MobilePay ZAGGIS" "" #spiir
  spiir-id: "636921219960738969"
  Assets:Checking:Primary  -15.00 DKK
  Expenses:Other            15.00 DKK

2019-04-28 * "BEYTI ApS" "Fastfood & takeaway" #spiir
  spiir-id: "636921219960738971"
  Assets:Checking:Primary  -61.00 DKK
  Expenses:Food:Takeaway    61.00 DKK

2019-04-28 * "Fakta" "Dagligvarer" #spiir
  spiir-id: "636921219960738972"
  Assets:Checking:Primary  -10.00 DKK
  Expenses:Food:Groceries   10.00 DKK

2019-04-28 * "NonSolo Pizza" "Fastfood & takeaway" #spiir
  spiir-id: "636921219960738973"
  Assets:Checking:Primary  -30.00 DKK
  Expenses:Food:Takeaway    30.00 DKK

2019-04-29 * "Nordisk Film Bio QW6GR" "Biograf, koncerter & forlystelser" #spiir
  spiir-id: "636921219960738974"
  Assets:Checking:Primary        -115.00 DKK
  Expenses:Entertainment:Events   115.00 DKK

2019-04-29 * "7-Eleven B091" "Kiosk, bager & specialbutikker" #spiir
  spiir-id: "636922073575189754"
  Assets:Checking:Primary  -39.00 DKK
  Expenses:Food:Kiosk       39.00 DKK

2019-04-29 * "SuperB Nørrebrogad" "Dagligvarer" #spiir
  spiir-id: "636922073575189755"
  Assets:Checking:Primary  -162.52 DKK
  Expenses:Food:Groceries   162.52 DKK

2019-04-29 * "Lønoverførsel" "Løn" #spiir
  spiir-id: "636922073575189756"
  Assets:Checking:Primary   28691.33 DKK
  Income:Salary            -28691.33 DKK

2019-04-29 * "BEYTI ApS" "Fastfood & takeaway" #spiir
  spiir-id: "636922073575189757"
  Assets:Checking:Primary  -75.00 DKK
  Expenses:Food:Takeaway    75.00 DKK

2019-04-30 * "AMZ*Amazon.de\\ \\800-279-6620 \\" "" #spiir
  spiir-id: "636922073575189758"
  Assets:Checking:Primary   63.64 DKK
  Expenses:Other           -63.64 DKK

2019-04-30 * "Fælledvej 1 husleje" "Boliglån/husleje" #spiir
  spiir-id: "636922073575189759"
  Assets:Checking:Primary  -6296.00 DKK
  Expenses:House:Mortgage   6296.00 DKK

2019-04-30 * "SuperB Nørrebrogad" "Dagligvarer" #spiir
  spiir-id: "636924192819338428"
  Assets:Checking:Primary  -53.95 DKK
  Expenses:Food:Groceries   53.95 DKK

2019-04-30 * "lige spæde lidt op" "" #spiir
  spiir-id: "636924192819338429"
  Assets:Checking:Primary  -1500.00 DKK
  Expenses:Other            1500.00 DKK

2019-04-30 * "3´s Kortbetaling" "Telefoni & internet" #spiir
  spiir-id: "636924192819338430"
  Assets:Checking:Primary         -130.00 DKK
  Expenses:Subscriptions:Telecom   130.00 DKK

2019-05-01 * "opsparing" "Anden opsparing" #spiir
  spiir-id: "636924192819338431"
  Assets:Checking:Primary  -5000.00 DKK
  Assets:Savings:Other      5000.00 DKK

2019-05-01 * "Kærestekonto" "Dagligvarer" #spiir
  spiir-id: "636924192819338432"
  Assets:Checking:Primary  -1500.00 DKK
  Expenses:Food:Groceries   1500.00 DKK

2019-05-01 * "Tryg" "Indbo- & familieforsikring" #spiir
  spiir-id: "636924192819338433"
  Assets:Checking:Primary            -490.74 DKK
  Expenses:House:Contents-Insurance   490.74 DKK

2019-05-01 * "Tryg" "Indbo- & familieforsikring" #spiir
  spiir-id: "636924192819338434"
  Assets:Checking:Primary            -169.24 DKK
  Expenses:House:Contents-Insurance   169.24 DKK

2019-05-01 * "ginkassen.dk" "Tobak & alkohol" #spiir
  spiir-id: "636924192819338435"
  Assets:Checking:Primary  -399.00 DKK
  Expenses:Food:Alcohol     399.00 DKK

2019-05-01 * "Netto Landemærket" "Dagligvarer" #spiir
  spiir-id: "636924192819338436"
  Assets:Checking:Primary  -18.95 DKK
  Expenses:Food:Groceries   18.95 DKK

2019-05-02 * "Netto Landemærket" "Dagligvarer" #spiir
  spiir-id: "636924192819338437"
  Assets:Checking:Primary  -18.95 DKK
  Expenses:Food:Groceries   18.95 DKK

2019-05-03 * "REMA 1000 Jagtvej" "Dagligvarer" #spiir
  spiir-id: "636925664021562995"
  Assets:Checking:Primary  -5.00 DKK
  Expenses:Food:Groceries   5.00 DKK

2019-05-04 * "tandlægen.dk - Kbh" "Behandling & læger" #spiir
  spiir-id: "636927339753924383"
  Assets:Checking:Primary  -950.00 DKK
  Expenses:Health:Doctor    950.00 DKK

2019-05-04 * "Ida Ingeniørfore. i Danm" "Fagforening & a-kasse" #spiir
  spiir-id: "636927339753924384"
  Assets:Checking:Primary   -878.25 DKK
  Expenses:Insurance:Union   878.25 DKK

2019-05-05 * "Lufthavnen Apotek" "Apotek & medicin" #spiir
  spiir-id: "636927339753924385"
  Assets:Checking:Primary   -46.95 DKK
  Expenses:Health:Pharmacy   46.95 DKK

2019-05-07 * "CUB COFFEE BAR\\ \\KOBENHAVN K \\" "Bar, cafe & restaurant" #spiir
  spiir-id: "636928308507948012"
  Assets:Checking:Primary   -70.00 DKK
  Expenses:Food:Restaurant   70.00 DKK

2019-05-07 * "GOOGLE*GOOGLE PLAY APP\\ \\G.CO HELPPAYÆ\\" "Online services & software" #spiir
  spiir-id: "636928308507948013"
  Assets:Checking:Primary          -159.00 DKK
  Expenses:Subscriptions:Software   159.00 DKK

2019-05-10 * "UNSTAD ARCTIC SURF AS\\ \\BSTAD\\" "" #spiir
  spiir-id: "636930630142173698"
  Assets:Checking:Primary  -309.27 DKK
  Expenses:Other            309.27 DKK

2019-05-11 * "MobilePay Pernille Livbjerg" "" #spiir
  spiir-id: "636932379025686836"
  Assets:Checking:Primary  -147.00 DKK
  Expenses:Other            147.00 DKK

2019-05-11 * "NORDNORSK KLATRESKOLE\\ \\HENNINGSVAER \\" "" #spiir
  spiir-id: "636933270874803046"
  Assets:Checking:Primary  -903.84 DKK
  Expenses:Other            903.84 DKK

2019-05-13 * "MobilePay Martin Andersen" "" #spiir
  spiir-id: "636934093695564264"
  Assets:Checking:Primary  -345.00 DKK
  Expenses:Other            345.00 DKK

2019-05-13 * "MobilePay Astrid Birch Friis" "" #spiir
  spiir-id: "636934093695564265"
  Assets:Checking:Primary  -119.00 DKK
  Expenses:Other            119.00 DKK

2019-05-14 * "Spotify" "Film, musik & læsestof" #spiir
  spiir-id: "636934093695564266"
  Assets:Checking:Primary       -99.00 DKK
  Expenses:Entertainment:Media   99.00 DKK

2019-05-14 * "CIRCLE K EVENES\\ \\EVENES\\" "" #spiir
  spiir-id: "636934093695564267"
  Assets:Checking:Primary  -595.62 DKK
  Expenses:Other            595.62 DKK

2019-05-14 * "CIRCLE K SVOLVER\\ \\SVOLVER\\" "" #spiir
  spiir-id: "636934093695564268"
  Assets:Checking:Primary  -24.80 DKK
  Expenses:Other            24.80 DKK

2019-05-14 * "Bikeshare Danmark A/S\\ \\+45 89883910 \\" "" #spiir
  spiir-id: "636934093695564269"
  Assets:Checking:Primary  -5.25 DKK
  Expenses:Other            5.25 DKK

2019-05-14 * "MobilePay ZAGGIS" "" #spiir
  spiir-id: "636935020397332058"
  Assets:Checking:Primary  -15.00 DKK
  Expenses:Other            15.00 DKK

2019-05-14 * "Rejsekort - DSB" "Bus, tog, færge o.l." #spiir
  spiir-id: "636935020397332059"
  Assets:Checking:Primary    -300.00 DKK
  Expenses:Transport:Public   300.00 DKK

2019-05-15 * "Landbageriet Aps" "Kiosk, bager & specialbutikker" #spiir
  spiir-id: "636935020397332060"
  Assets:Checking:Primary  -80.00 DKK
  Expenses:Food:Kiosk       80.00 DKK

2019-05-15 * "Audible US*MN3IL81K1\\ \\888-283-5051 \\" "" #spiir
  spiir-id: "636935020397332061"
  Assets:Checking:Primary  -116.70 DKK
  Expenses:Other            116.70 DKK

2019-05-15 * "Bikeshare Danmark A/S\\ \\+45 89883910 \\" "" #spiir
  spiir-id: "636935020397332062"
  Assets:Checking:Primary  -70.00 DKK
  Expenses:Other            70.00 DKK

2019-05-16 * "DONKEY.BIKE\\ \\KBENHAVN\\" "" #spiir
  spiir-id: "636935826155559150"
  Assets:Checking:Primary  -18.00 DKK
  Expenses:Other            18.00 DKK

2019-05-16 * "MobilePay: Lisa-Maria Bruns" "" #spiir
  spiir-id: "636936743445701432"
  Assets:Checking:Primary   65.00 DKK
  Expenses:Other           -65.00 DKK

2019-05-16 * "MobilePay: Neal Stewart" "" #spiir
  spiir-id: "636936743445701433"
  Assets:Checking:Primary   160.00 DKK
  Expenses:Other           -160.00 DKK

2019-05-16 * "Amager Gyouza" "Fastfood & takeaway" #spiir
  spiir-id: "636939239042888317"
  Assets:Checking:Primary  -320.00 DKK
  Expenses:Food:Takeaway    320.00 DKK

2019-05-17 * "Til Kærestekonto" "Dagligvarer" #spiir
  spiir-id: "636937755244961540"
  Assets:Checking:Primary  -165.00 DKK
  Expenses:Food:Groceries   165.00 DKK

2019-05-17 * "Blue Raven" "" #spiir
  spiir-id: "636939239042888318"
  Assets:Checking:Primary  -65.00 DKK
  Expenses:Other            65.00 DKK

2019-05-17 * "Blue Raven" "" #spiir
  spiir-id: "636939239042888319"
  Assets:Checking:Primary  -130.00 DKK
  Expenses:Other            130.00 DKK

2019-05-17 * "Blue Raven" "" #spiir
  spiir-id: "636939239042888320"
  Assets:Checking:Primary  -45.00 DKK
  Expenses:Other            45.00 DKK

2019-05-19 * "MobilePay Ny DSB App" "" #spiir
  spiir-id: "636939239042888316"
  Assets:Checking:Primary  -423.00 DKK
  Expenses:Other            423.00 DKK

2019-05-20 * "CIRCLE K STATIONSH" "Brændstof" #spiir
  spiir-id: "636939239042888321"
  Assets:Checking:Primary  -17.95 DKK
  Expenses:Car:Gas          17.95 DKK

2019-05-20 * "FRILUFTSLAND A/S" "Tøj, sko & accessories" #spiir
  spiir-id: "636940130194754553"
  Assets:Checking:Primary     -125.10 DKK
  Expenses:Shopping:Clothing   125.10 DKK

2019-05-20 * "Fakta" "Dagligvarer" #spiir
  spiir-id: "636940130194754554"
  Assets:Checking:Primary  -148.40 DKK
  Expenses:Food:Groceries   148.40 DKK

2019-05-21 * "CAFE ONE TIME\\ \\KLAMPENBORG \\" "Bar, cafe & restaurant" #spiir
  spiir-id: "636940130194754552"
  Assets:Checking:Primary   -25.00 DKK
  Expenses:Food:Restaurant   25.00 DKK

2019-05-22 * "Ama'r Cykelservice" "Anden transport" #spiir
  spiir-id: "636941926158236640"
  Assets:Checking:Primary   -1348.00 DKK
  Expenses:Transport:Other   1348.00 DKK

2019-05-22 * "MobilePay Jakob Tolstrup Bech" "" #spiir
  spiir-id: "636941926158236641"
  Assets:Checking:Primary  -195.00 DKK
  Expenses:Other            195.00 DKK

2019-05-22 * "Islandsbryg Wok" "Fastfood & takeaway" #spiir
  spiir-id: "636941926158236642"
  Assets:Checking:Primary  -89.00 DKK
  Expenses:Food:Takeaway    89.00 DKK

2019-05-22 * "MobilePay Pia Leth" "" #spiir
  spiir-id: "636941926158236643"
  Assets:Checking:Primary  -440.00 DKK
  Expenses:Other            440.00 DKK

2019-05-23 * "SKAAL" "Bar, cafe & restaurant" #spiir
  spiir-id: "636943076988987199"
  Assets:Checking:Primary   -210.00 DKK
  Expenses:Food:Restaurant   210.00 DKK

2019-05-24 * "Netto Landemærket" "Dagligvarer" #spiir
  spiir-id: "636943076988987197"
  Assets:Checking:Primary  -11.95 DKK
  Expenses:Food:Groceries   11.95 DKK

2019-05-24 * "MobilePay: ZAGGIS" "" #spiir
  spiir-id: "636943076988987198"
  Assets:Checking:Primary  -15.00 DKK
  Expenses:Other            15.00 DKK

2019-05-25 * "føtex food Kr. Ber" "Dagligvarer" #spiir
  spiir-id: "636945655048393471"
  Assets:Checking:Primary  -17.00 DKK
  Expenses:Food:Groceries   17.00 DKK

2019-05-25 * "SKAAL" "Bar, cafe & restaurant" #spiir
  spiir-id: "636945655048393472"
  Assets:Checking:Primary   -72.00 DKK
  Expenses:Food:Restaurant   72.00 DKK

2019-05-25 * "SKAAL" "Bar, cafe & restaurant" #spiir
  spiir-id: "636945655048393473"
  Assets:Checking:Primary   -42.00 DKK
  Expenses:Food:Restaurant   42.00 DKK

2019-05-25 * "SKAAL" "Bar, cafe & restaurant" #spiir
  spiir-id: "636945655048393474"
  Assets:Checking:Primary   -52.00 DKK
  Expenses:Food:Restaurant   52.00 DKK

2019-05-25 * "SKAAL" "Bar, cafe & restaurant" #spiir
  spiir-id: "636945655048393475"
  Assets:Checking:Primary   -44.00 DKK
  Expenses:Food:Restaurant   44.00 DKK

2019-05-28 * "NICECREAMCPH I\\ \\KOBENHAVN V \\" "" #spiir
  spiir-id: "636946379334910379"
  Assets:Checking:Primary  -49.00 DKK
  Expenses:Other            49.00 DKK

2019-05-28 * "Lønoverførsel" "Løn" #spiir
  spiir-id: "636947537585932034"
  Assets:Checking:Primary   28418.29 DKK
  Income:Salary            -28418.29 DKK

2019-05-28 * "Emmerys (390 NP)" "Kiosk, bager & specialbutikker" #spiir
  spiir-id: "636947537585932035"
  Assets:Checking:Primary  -43.00 DKK
  Expenses:Food:Kiosk       43.00 DKK

2019-05-28 * "Irma Nørre Voldg" "Dagligvarer" #spiir
  spiir-id: "636947537585932036"
  Assets:Checking:Primary  -14.50 DKK
  Expenses:Food:Groceries   14.50 DKK

2019-05-29 * "Fælledvej 1 husleje" "Boliglån/husleje" #spiir
  spiir-id: "636947537585932033"
  Assets:Checking:Primary  -6296.00 DKK
  Expenses:House:Mortgage   6296.00 DKK

2019-05-29 * "3´s Kortbetaling" "Telefoni & internet" #spiir
  spiir-id: "636951871081939218"
  Assets:Checking:Primary         -130.00 DKK
  Expenses:Subscriptions:Telecom   130.00 DKK

2019-05-29 * "Molslinjen - Dokve" "Bus, tog, færge o.l." #spiir
  spiir-id: "636951871081939219"
  Assets:Checking:Primary    -105.00 DKK
  Expenses:Transport:Public   105.00 DKK

2019-06-01 * "LE KAFF" "Bar, cafe & restaurant" #spiir
  spiir-id: "636951871081939217"
  Assets:Checking:Primary   -41.00 DKK
  Expenses:Food:Restaurant   41.00 DKK

2019-06-03 * "TAYEBAT SLAGTERI" "Dagligvarer" #spiir
  spiir-id: "636951871081939212"
  Assets:Checking:Primary  -35.00 DKK
  Expenses:Food:Groceries   35.00 DKK

2019-06-03 * "TAFFELBAY" "Kiosk, bager & specialbutikker" #spiir
  spiir-id: "636951871081939213"
  Assets:Checking:Primary  -78.00 DKK
  Expenses:Food:Kiosk       78.00 DKK

2019-06-03 * "MobilePay WeShare" "" #spiir
  spiir-id: "636951871081939214"
  Assets:Checking:Primary  -485.50 DKK
  Expenses:Other            485.50 DKK

2019-06-03 * "Kærestekonto" "Dagligvarer" #spiir
  spiir-id: "636951871081939215"
  Assets:Checking:Primary  -1500.00 DKK
  Expenses:Food:Groceries   1500.00 DKK

2019-06-03 * "opsparing" "Anden opsparing" #spiir
  spiir-id: "636951871081939216"
  Assets:Checking:Primary  -5000.00 DKK
  Assets:Savings:Other      5000.00 DKK

2019-06-04 * "7-Eleven B 022" "Kiosk, bager & specialbutikker" #spiir
  spiir-id: "636952549362021692"
  Assets:Checking:Primary  -25.00 DKK
  Expenses:Food:Kiosk       25.00 DKK

2019-06-04 * "CUB COFFEE BAR\\ \\KOBENHAVN K \\" "Bar, cafe & restaurant" #spiir
  spiir-id: "636952549362021693"
  Assets:Checking:Primary   -64.00 DKK
  Expenses:Food:Restaurant   64.00 DKK

2019-06-06 * "Den Grønlandske Ha" "Bar, cafe & restaurant" #spiir
  spiir-id: "636954894100560200"
  Assets:Checking:Primary   -25.00 DKK
  Expenses:Food:Restaurant   25.00 DKK

2019-06-06 * "Den Grønlandske Ha" "Bar, cafe & restaurant" #spiir
  spiir-id: "636954894100560201"
  Assets:Checking:Primary   -95.00 DKK
  Expenses:Food:Restaurant   95.00 DKK

2019-06-07 * "Bikeshare Danmark A/S\\ \\+45 89883910 \\" "Anden transport" #spiir
  spiir-id: "636954894100560199"
  Assets:Checking:Primary   -155.95 DKK
  Expenses:Transport:Other   155.95 DKK

2019-06-07 * "Himmeriget" "Bar, cafe & restaurant" #spiir
  spiir-id: "636955682520141026"
  Assets:Checking:Primary   -90.00 DKK
  Expenses:Food:Restaurant   90.00 DKK

2019-06-07 * "Himmeriget" "Bar, cafe & restaurant" #spiir
  spiir-id: "636955682520141027"
  Assets:Checking:Primary   -270.00 DKK
  Expenses:Food:Restaurant   270.00 DKK

2019-06-07 * "Himmeriget" "Bar, cafe & restaurant" #spiir
  spiir-id: "636955682520141028"
  Assets:Checking:Primary   -75.00 DKK
  Expenses:Food:Restaurant   75.00 DKK

2019-06-07 * "MobilePay: Paulo José Meneses Ribeiro Da Cunha" "" #spiir
  spiir-id: "636955682520141029"
  Assets:Checking:Primary   54.00 DKK
  Expenses:Other           -54.00 DKK

2019-06-07 * "MobilePay: Stefano Pretto" "" #spiir
  spiir-id: "636955682520141030"
  Assets:Checking:Primary   54.00 DKK
  Expenses:Other           -54.00 DKK

2019-06-07 * "MobilePay: Toby Moore" "" #spiir
  spiir-id: "636955682520141031"
  Assets:Checking:Primary   54.00 DKK
  Expenses:Other           -54.00 DKK

2019-06-07 * "MobilePay: Dan Meakin" "" #spiir
  spiir-id: "636955682520141032"
  Assets:Checking:Primary   54.00 DKK
  Expenses:Other           -54.00 DKK

2019-06-07 * "Himmeriget" "Bar, cafe & restaurant" #spiir
  spiir-id: "636955682520141033"
  Assets:Checking:Primary   -45.00 DKK
  Expenses:Food:Restaurant   45.00 DKK

2019-06-08 * "MobilePay Dan Meakin" "" #spiir
  spiir-id: "636956528505142045"
  Assets:Checking:Primary  -320.75 DKK
  Expenses:Other            320.75 DKK

2019-06-08 * "Bikeshare Danmark A/S\\ \\+45 89883910 \\" "Anden transport" #spiir
  spiir-id: "636958559164130232"
  Assets:Checking:Primary    155.05 DKK
  Expenses:Transport:Other  -155.05 DKK

2019-06-08 * "EASYJET\\ \\EASYJET\\" "Fly & Hotel" #spiir
  spiir-id: "636958559164130233"
  Assets:Checking:Primary  -1072.78 DKK
  Expenses:Travel           1072.78 DKK

2019-06-08 * "NN07" "Tøj, sko & accessories" #spiir
  spiir-id: "636958559164130234"
  Assets:Checking:Primary     -799.00 DKK
  Expenses:Shopping:Clothing   799.00 DKK

2019-06-08 * "Fakta 324" "Dagligvarer" #spiir
  spiir-id: "636958559164130235"
  Assets:Checking:Primary  -104.40 DKK
  Expenses:Food:Groceries   104.40 DKK

2019-06-08 * "HIND MARKED" "Dagligvarer" #spiir
  spiir-id: "636958559164130236"
  Assets:Checking:Primary  -15.00 DKK
  Expenses:Food:Groceries   15.00 DKK

2019-06-08 * "Isted Grill" "Fastfood & takeaway" #spiir
  spiir-id: "636958559164130237"
  Assets:Checking:Primary  -36.00 DKK
  Expenses:Food:Takeaway    36.00 DKK

2019-06-08 * "Dry & Bitter ApS" "Bar, cafe & restaurant" #spiir
  spiir-id: "636958559164130238"
  Assets:Checking:Primary   -65.00 DKK
  Expenses:Food:Restaurant   65.00 DKK

2019-06-08 * "Dry & Bitter ApS" "Bar, cafe & restaurant" #spiir
  spiir-id: "636958559164130239"
  Assets:Checking:Primary   -60.00 DKK
  Expenses:Food:Restaurant   60.00 DKK

2019-06-08 * "DSB 7-Eleven NPPer" "Kiosk, bager & specialbutikker" #spiir
  spiir-id: "636958559164130240"
  Assets:Checking:Primary  -29.00 DKK
  Expenses:Food:Kiosk       29.00 DKK

2019-06-08 * "Isted Grill" "Fastfood & takeaway" #spiir
  spiir-id: "636958559164130241"
  Assets:Checking:Primary  -37.00 DKK
  Expenses:Food:Takeaway    37.00 DKK

2019-06-09 * "MobilePay ZAGGIS" "" #spiir
  spiir-id: "636957549589670242"
  Assets:Checking:Primary  -30.00 DKK
  Expenses:Other            30.00 DKK

2019-06-10 * "Dansk Bjergklub" "Sport & fritid" #spiir
  spiir-id: "636958559164130229"
  Assets:Checking:Primary        -25.00 DKK
  Expenses:Entertainment:Sports   25.00 DKK

2019-06-10 * "Espresso House7144" "Bar, cafe & restaurant" #spiir
  spiir-id: "636958559164130230"
  Assets:Checking:Primary   -43.00 DKK
  Expenses:Food:Restaurant   43.00 DKK

2019-06-10 * "HIND MARKED" "Dagligvarer" #spiir
  spiir-id: "636958559164130231"
  Assets:Checking:Primary  -74.00 DKK
  Expenses:Food:Groceries   74.00 DKK

2019-06-11 * "Matrikel 1 ApS" "Bar, cafe & restaurant" #spiir
  spiir-id: "636958559164130228"
  Assets:Checking:Primary   -35.00 DKK
  Expenses:Food:Restaurant   35.00 DKK

2019-06-11 * "iPad Pro 3 - wifi+4G" "" #spiir
  spiir-id: "636959162096423615"
  Assets:Checking:Primary  -6500.00 DKK
  Expenses:Other            6500.00 DKK

2019-06-12 * "BonusTryghedsGruppen" "Indbo- & familieforsikring" #spiir
  spiir-id: "636959162096423614"
  Assets:Checking:Primary             225.63 DKK
  Expenses:House:Contents-Insurance  -225.63 DKK

2019-06-12 * "Rejsekort - DSB" "Bus, tog, færge o.l." #spiir
  spiir-id: "636960078685254294"
  Assets:Checking:Primary    -300.00 DKK
  Expenses:Transport:Public   300.00 DKK

2019-06-14 * "VDK DKK 99,00" "Film, musik & læsestof" #spiir
  spiir-id: "636960984621141536"
  Assets:Checking:Primary       -99.00 DKK
  Expenses:Entertainment:Media   99.00 DKK

2019-06-14 * "sas.dk" "Fly & Hotel" #spiir
  spiir-id: "636961910379842093"
  Assets:Checking:Primary  -651.00 DKK
  Expenses:Travel           651.00 DKK

2019-06-14 * "sas.dk" "Fly & Hotel" #spiir
  spiir-id: "636961910379842094"
  Assets:Checking:Primary  -651.00 DKK
  Expenses:Travel           651.00 DKK

2019-06-15 * "Cafe Tjili Pop" "Bar, cafe & restaurant" #spiir
  spiir-id: "636963554071857391"
  Assets:Checking:Primary   -39.00 DKK
  Expenses:Food:Restaurant   39.00 DKK

2019-06-15 * "Take & Eat" "Fastfood & takeaway" #spiir
  spiir-id: "636963554071857392"
  Assets:Checking:Primary  -12.00 DKK
  Expenses:Food:Takeaway    12.00 DKK

2019-06-15 * "Cafe Tjili Pop" "Bar, cafe & restaurant" #spiir
  spiir-id: "636963554071857393"
  Assets:Checking:Primary   -55.00 DKK
  Expenses:Food:Restaurant   55.00 DKK

2019-06-16 * "Ramen To Biiru" "Bar, cafe & restaurant" #spiir
  spiir-id: "636963554071857390"
  Assets:Checking:Primary   -135.00 DKK
  Expenses:Food:Restaurant   135.00 DKK

2019-06-17 * "Dry & Bitter ApS" "Bar, cafe & restaurant" #spiir
  spiir-id: "636964369274885790"
  Assets:Checking:Primary   -150.00 DKK
  Expenses:Food:Restaurant   150.00 DKK

2019-06-18 * "ITUNES.COM/BILL\\ \\80249625\\" "Online services & software" #spiir
  spiir-id: "636964369274885787"
  Assets:Checking:Primary          -69.00 DKK
  Expenses:Subscriptions:Software   69.00 DKK

2019-06-18 * "CUB COFFEE BAR\\ \\KOBENHAVN K \\" "Bar, cafe & restaurant" #spiir
  spiir-id: "636964369274885788"
  Assets:Checking:Primary   -37.00 DKK
  Expenses:Food:Restaurant   37.00 DKK

2019-06-18 * "McDonalds\\ \\Koebenhavn k \\" "Fastfood & takeaway" #spiir
  spiir-id: "636964369274885789"
  Assets:Checking:Primary  -91.00 DKK
  Expenses:Food:Takeaway    91.00 DKK

2019-06-21 * "SOLIGSCHLAG\\ \\35314369001 \\" "" #spiir
  spiir-id: "636967018954074729"
  Assets:Checking:Primary  -655.93 DKK
  Expenses:Other            655.93 DKK

2019-06-21 * "MobilePay" "" #spiir
  spiir-id: "636967815257402447"
  Assets:Checking:Primary  -24.00 DKK
  Expenses:Other            24.00 DKK

2019-06-22 * "Til Kærestekonto" "Dagligvarer" #spiir
  spiir-id: "636968804152449710"
  Assets:Checking:Primary  -100.00 DKK
  Expenses:Food:Groceries   100.00 DKK

2019-06-22 * "Aldi 064" "Dagligvarer" #spiir
  spiir-id: "636969491573362605"
  Assets:Checking:Primary  -9.00 DKK
  Expenses:Food:Groceries   9.00 DKK

2019-06-22 * "MobilePay" "" #spiir
  spiir-id: "636969491573362606"
  Assets:Checking:Primary  -25.00 DKK
  Expenses:Other            25.00 DKK

2019-06-22 * "Dry & Bitter ApS" "Bar, cafe & restaurant" #spiir
  spiir-id: "636969491573362607"
  Assets:Checking:Primary   -100.00 DKK
  Expenses:Food:Restaurant   100.00 DKK

2019-06-22 * "Dry & Bitter ApS" "Bar, cafe & restaurant" #spiir
  spiir-id: "636969491573362608"
  Assets:Checking:Primary   -45.00 DKK
  Expenses:Food:Restaurant   45.00 DKK

2019-06-24 * "Kiropraktorerne Fr" "Behandling & læger" #spiir
  spiir-id: "636970360102335666"
  Assets:Checking:Primary  -592.58 DKK
  Expenses:Health:Doctor    592.58 DKK

2019-06-25 * "AIRBNB * HMAF38AFPH\\ \\415-800-5959 \\" "Fly & Hotel" #spiir
  spiir-id: "636970360102335662"
  Assets:Checking:Primary  -1207.66 DKK
  Expenses:Travel           1207.66 DKK

2019-06-25 * "CUB COFFEE BAR\\ \\KOBENHAVN K \\" "Bar, cafe & restaurant" #spiir
  spiir-id: "636970360102335663"
  Assets:Checking:Primary   -64.00 DKK
  Expenses:Food:Restaurant   64.00 DKK

2019-06-25 * "CUB COFFEE BAR\\ \\KOBENHAVN K \\" "Bar, cafe & restaurant" #spiir
  spiir-id: "636970360102335664"
  Assets:Checking:Primary   -37.00 DKK
  Expenses:Food:Restaurant   37.00 DKK

2019-06-25 * "HOTDOGDELI CPH\\ \\KOEBENHAVN V \\" "Bar, cafe & restaurant" #spiir
  spiir-id: "636970360102335665"
  Assets:Checking:Primary   -150.00 DKK
  Expenses:Food:Restaurant   150.00 DKK

2019-06-25 * "MobilePay Louise S" "" #spiir
  spiir-id: "636971256578150783"
  Assets:Checking:Primary  -50.00 DKK
  Expenses:Other            50.00 DKK

2019-06-26 * "BRUS APS\\ \\KOBENHAVN N \\" "Bar, cafe & restaurant" #spiir
  spiir-id: "636971256578150781"
  Assets:Checking:Primary   -95.00 DKK
  Expenses:Food:Restaurant   95.00 DKK

2019-06-26 * "BRUS APS\\ \\KOBENHAVN N \\" "Bar, cafe & restaurant" #spiir
  spiir-id: "636971256578150782"
  Assets:Checking:Primary   -125.00 DKK
  Expenses:Food:Restaurant   125.00 DKK

2019-06-26 * "Kiropraktorerne Fr" "Behandling & læger" #spiir
  spiir-id: "636972076539488336"
  Assets:Checking:Primary  -310.19 DKK
  Expenses:Health:Doctor    310.19 DKK

2019-06-26 * "MobilePay Behrooz Salimi Tabar" "" #spiir
  spiir-id: "636972076539488337"
  Assets:Checking:Primary  -550.00 DKK
  Expenses:Other            550.00 DKK

2019-06-26 * "Netto Landemærket" "Dagligvarer" #spiir
  spiir-id: "636972076539488338"
  Assets:Checking:Primary  -19.00 DKK
  Expenses:Food:Groceries   19.00 DKK

2019-06-27 * "ITUNES.COM/BILL\\ \\80249625\\" "Online services & software" #spiir
  spiir-id: "636972076539488335"
  Assets:Checking:Primary          -45.00 DKK
  Expenses:Subscriptions:Software   45.00 DKK

2019-06-27 * "Lønoverførsel" "Løn" #spiir
  spiir-id: "636972942181119934"
  Assets:Checking:Primary   25388.33 DKK
  Income:Salary            -25388.33 DKK

2019-06-28 * "Fælledvej 1 husleje" "Boliglån/husleje" #spiir
  spiir-id: "636972942181119933"
  Assets:Checking:Primary  -6296.00 DKK
  Expenses:House:Mortgage   6296.00 DKK

2019-06-28 * "Overtræksrente" "Udlånsrenter" #spiir
  spiir-id: "636974668743959285"
  Assets:Checking:Primary  -0.46 DKK
  Expenses:Loans:Interest   0.46 DKK

2019-06-28 * "Gebyrer i alt" "Bankgebyrer" #spiir
  spiir-id: "636974668743959286"
  Assets:Checking:Primary  -90.00 DKK
  Expenses:Bank:Fees        90.00 DKK

2019-06-28 * "Kiropraktorerne Fr" "Behandling & læger" #spiir
  spiir-id: "636974668743959287"
  Assets:Checking:Primary  -310.19 DKK
  Expenses:Health:Doctor    310.19 DKK

2019-06-28 * "Dry & Bitter ApS" "Bar, cafe & restaurant" #spiir
  spiir-id: "636974668743959288"
  Assets:Checking:Primary   -60.00 DKK
  Expenses:Food:Restaurant   60.00 DKK

2019-06-28 * "Dry & Bitter ApS" "Bar, cafe & restaurant" #spiir
  spiir-id: "636974668743959289"
  Assets:Checking:Primary   -60.00 DKK
  Expenses:Food:Restaurant   60.00 DKK

2019-06-29 * "Overtræk" "" #spiir
  spiir-id: "636974668743959284"
  Assets:Checking:Primary  -300.00 DKK
  Expenses:Other            300.00 DKK

2019-06-29 * "CUB COFFEE BAR\\ \\KOBENHAVN K \\" "Bar, cafe & restaurant" #spiir
  spiir-id: "636975880872573584"
  Assets:Checking:Primary   -64.00 DKK
  Expenses:Food:Restaurant   64.00 DKK

2019-06-29 * "HOTDOGDELI CPH\\ \\KOEBENHAVN V \\" "Bar, cafe & restaurant" #spiir
  spiir-id: "636975880872573585"
  Assets:Checking:Primary   -55.00 DKK
  Expenses:Food:Restaurant   55.00 DKK

2019-06-29 * "KICKSTARTER.COM\\ \\CARINGBAH\\" "Tøj, sko & accessories" #spiir
  spiir-id: "636975880872573586"
  Assets:Checking:Primary     -258.74 DKK
  Expenses:Shopping:Clothing   258.74 DKK

2019-06-29 * "Akademikernes A-Kasse" "Fagforening & a-kasse" #spiir
  spiir-id: "636975880872573587"
  Assets:Checking:Primary   -1320.00 DKK
  Expenses:Insurance:Union   1320.00 DKK

2019-07-01 * "sportmaster.dk" "Tøj, sko & accessories" #spiir
  spiir-id: "636975880872573581"
  Assets:Checking:Primary     -455.00 DKK
  Expenses:Shopping:Clothing   455.00 DKK

2019-07-01 * "MobilePay Lee Ann Hollesen" "" #spiir
  spiir-id: "636975880872573582"
  Assets:Checking:Primary  -1120.00 DKK
  Expenses:Other            1120.00 DKK

2019-07-01 * "Kærestekonto" "Dagligvarer" #spiir
  spiir-id: "636975880872573583"
  Assets:Checking:Primary  -2000.00 DKK
  Expenses:Food:Groceries   2000.00 DKK

2019-07-02 * "FRITIDSCENTER ISLANDS BRY\\ \\KBENHAVN S\\" "" #spiir
  spiir-id: "636976481390662607"
  Assets:Checking:Primary  -45.00 DKK
  Expenses:Other            45.00 DKK

2019-07-03 * "VISION DIRECT BV\\ \\AMSTERDAM\\" "Briller & kontaktlinser" #spiir
  spiir-id: "636977328113445269"
  Assets:Checking:Primary  -441.03 DKK
  Expenses:Health:Vision    441.03 DKK

2019-07-03 * "SOSTER FLORA\\ \\GREVE\\" "" #spiir
  spiir-id: "636977328113445270"
  Assets:Checking:Primary  -25.00 DKK
  Expenses:Other            25.00 DKK

2019-07-03 * "Fra Berthel Lauri" "Børneopsparing" #spiir
  spiir-id: "636977328113445271"
  Assets:Checking:Primary   50000.00 DKK
  Assets:Savings:Children  -50000.00 DKK

2019-07-04 * "MobilePay Sct Peders Bageri" "" #spiir
  spiir-id: "636978215860376233"
  Assets:Checking:Primary  -54.00 DKK
  Expenses:Other            54.00 DKK

2019-07-04 * "MobilePay Kiropraktorerne Frederiksberg" "" #spiir
  spiir-id: "636978215860376234"
  Assets:Checking:Primary  -310.19 DKK
  Expenses:Other            310.19 DKK

2019-07-04 * "3´s Kortbetaling" "Telefoni & internet" #spiir
  spiir-id: "636979144042483684"
  Assets:Checking:Primary         -131.77 DKK
  Expenses:Subscriptions:Telecom   131.77 DKK

2019-07-05 * "DSB 7-Eleven Kvikk" "Kiosk, bager & specialbutikker" #spiir
  spiir-id: "636980087485897360"
  Assets:Checking:Primary  -59.00 DKK
  Expenses:Food:Kiosk       59.00 DKK

2019-07-09 * "SPORT SCHECK\\ \\HAMBURG\\" "Tøj, sko & accessories" #spiir
  spiir-id: "636982620342843372"
  Assets:Checking:Primary     -75.43 DKK
  Expenses:Shopping:Clothing   75.43 DKK

2019-07-09 * "JIBBONKEY\\ \\CARINGBAH\\" "" #spiir
  spiir-id: "636982620342843373"
  Assets:Checking:Primary  -38.21 DKK
  Expenses:Other            38.21 DKK

2019-07-09 * "GOERTZ RETAIL GMBH\\ \\HAMBURG\\" "" #spiir
  spiir-id: "636982620342843374"
  Assets:Checking:Primary  -454.49 DKK
  Expenses:Other            454.49 DKK

2019-07-09 * "SAILFISH GMBH\\ \\PFUNGSTADT\\" "" #spiir
  spiir-id: "636982620342843375"
  Assets:Checking:Primary  -447.29 DKK
  Expenses:Other            447.29 DKK

2019-07-09 * "Der Strumpfladen E.Doerin\\ \\Hamburg\\" "" #spiir
  spiir-id: "636982620342843376"
  Assets:Checking:Primary  -75.81 DKK
  Expenses:Other            75.81 DKK

2019-07-09 * "P & C\\ \\Hamburg\\" "" #spiir
  spiir-id: "636982620342843377"
  Assets:Checking:Primary  -454.79 DKK
  Expenses:Other            454.79 DKK

2019-07-09 * "SPORT SCHECK\\ \\HAMBURG\\" "Tøj, sko & accessories" #spiir
  spiir-id: "636982620342843378"
  Assets:Checking:Primary     -1098.89 DKK
  Expenses:Shopping:Clothing   1098.89 DKK

2019-07-09 * "SANIFAIR Europapassage\\ \\Hamburg\\" "" #spiir
  spiir-id: "636982620342843379"
  Assets:Checking:Primary  -3.79 DKK
  Expenses:Other            3.79 DKK

2019-07-09 * "REWE Hamburg Ballindamm 4\\ \\Hamburg\\" "" #spiir
  spiir-id: "636982620342843380"
  Assets:Checking:Primary  -265.26 DKK
  Expenses:Other            265.26 DKK

2019-07-09 * "SumUp Naironus GmbH\\ \\Berlin\\" "" #spiir
  spiir-id: "636982620342843381"
  Assets:Checking:Primary  -24.26 DKK
  Expenses:Other            24.26 DKK

2019-07-10 * "TAFFELBAY" "Kiosk, bager & specialbutikker" #spiir
  spiir-id: "636983602778789222"
  Assets:Checking:Primary  -39.00 DKK
  Expenses:Food:Kiosk       39.00 DKK

2019-07-11 * "ITUNES.COM/BILL\\ \\ITUNES.COM\\" "Online services & software" #spiir
  spiir-id: "636984499557597261"
  Assets:Checking:Primary          -89.00 DKK
  Expenses:Subscriptions:Software   89.00 DKK

2019-07-11 * "FRILUFTSLAND A/S" "Tøj, sko & accessories" #spiir
  spiir-id: "636985199135854248"
  Assets:Checking:Primary     -539.10 DKK
  Expenses:Shopping:Clothing   539.10 DKK

2019-07-12 * "Dry & Bitter ApS" "Bar, cafe & restaurant" #spiir
  spiir-id: "636986111872829777"
  Assets:Checking:Primary   -40.00 DKK
  Expenses:Food:Restaurant   40.00 DKK

2019-07-13 * "29F APS\\ \\KOBENHAVN N \\" "" #spiir
  spiir-id: "636987783994288028"
  Assets:Checking:Primary  -310.00 DKK
  Expenses:Other            310.00 DKK

2019-07-15 * "Afghan Marked Aps" "Dagligvarer" #spiir
  spiir-id: "636988881682186659"
  Assets:Checking:Primary  -12.50 DKK
  Expenses:Food:Groceries   12.50 DKK

2019-07-15 * "MobilePay PostNord Danmark" "" #spiir
  spiir-id: "636988881682186660"
  Assets:Checking:Primary  -60.00 DKK
  Expenses:Other            60.00 DKK

2019-07-16 * "THE COFFEE COLLECT" "Bar, cafe & restaurant" #spiir
  spiir-id: "636988881682186657"
  Assets:Checking:Primary   -35.00 DKK
  Expenses:Food:Restaurant   35.00 DKK

2019-07-16 * "Til Kærestekonto" "Dagligvarer" #spiir
  spiir-id: "636988881682186658"
  Assets:Checking:Primary  -1000.00 DKK
  Expenses:Food:Groceries   1000.00 DKK

2019-07-16 * "Beta Boulders Cope" "Sport & fritid" #spiir
  spiir-id: "636989702965433354"
  Assets:Checking:Primary        -900.00 DKK
  Expenses:Entertainment:Sports   900.00 DKK

2019-07-17 * "Spotify" "Film, musik & læsestof" #spiir
  spiir-id: "636989702965433353"
  Assets:Checking:Primary       -99.00 DKK
  Expenses:Entertainment:Media   99.00 DKK

2019-07-18 * "Philly's" "Fastfood & takeaway" #spiir
  spiir-id: "636990574256058811"
  Assets:Checking:Primary  -110.00 DKK
  Expenses:Food:Takeaway    110.00 DKK

2019-07-18 * "Torvehallerne" "Bar, cafe & restaurant" #spiir
  spiir-id: "636991469467291047"
  Assets:Checking:Primary   -125.00 DKK
  Expenses:Food:Restaurant   125.00 DKK

2019-07-18 * "Netto Holmen 7407" "Dagligvarer" #spiir
  spiir-id: "636991469467291048"
  Assets:Checking:Primary  -55.00 DKK
  Expenses:Food:Groceries   55.00 DKK

2019-07-18 * "Vinoble skt. Petri" "Tobak & alkohol" #spiir
  spiir-id: "636991469467291049"
  Assets:Checking:Primary  -149.00 DKK
  Expenses:Food:Alcohol     149.00 DKK

2019-07-19 * "Netto Landemærket" "Dagligvarer" #spiir
  spiir-id: "636991469467291045"
  Assets:Checking:Primary  -71.50 DKK
  Expenses:Food:Groceries   71.50 DKK

2019-07-19 * "Netto Landemærket" "Dagligvarer" #spiir
  spiir-id: "636991469467291046"
  Assets:Checking:Primary  -80.30 DKK
  Expenses:Food:Groceries   80.30 DKK

2019-07-20 * "Peak Performance" "Tøj, sko & accessories" #spiir
  spiir-id: "636994080281929958"
  Assets:Checking:Primary     -1060.00 DKK
  Expenses:Shopping:Clothing   1060.00 DKK

2019-07-20 * "7-Eleven B014" "Kiosk, bager & specialbutikker" #spiir
  spiir-id: "636994080281929959"
  Assets:Checking:Primary  -82.00 DKK
  Expenses:Food:Kiosk       82.00 DKK

2019-07-21 * "Aps" "Anden opsparing" #spiir
  spiir-id: "636993049411685156"
  Assets:Checking:Primary  -40000.00 DKK
  Assets:Savings:Other      40000.00 DKK

2019-07-21 * "Dry & Bitter ApS" "Bar, cafe & restaurant" #spiir
  spiir-id: "636994080281929957"
  Assets:Checking:Primary   -150.00 DKK
  Expenses:Food:Restaurant   150.00 DKK

2019-07-22 * "loebeshop.dk" "Hobby & sportsudstyr" #spiir
  spiir-id: "636994080281929953"
  Assets:Checking:Primary   -978.00 DKK
  Expenses:Shopping:Sports   978.00 DKK

2019-07-22 * "Fakta 324" "Dagligvarer" #spiir
  spiir-id: "636994080281929954"
  Assets:Checking:Primary  -24.95 DKK
  Expenses:Food:Groceries   24.95 DKK

2019-07-22 * "Nørrebro Apotek v/" "Apotek & medicin" #spiir
  spiir-id: "636994080281929955"
  Assets:Checking:Primary   -36.50 DKK
  Expenses:Health:Pharmacy   36.50 DKK

2019-07-22 * "MobilePay Goodbye Morten" "" #spiir
  spiir-id: "636994080281929956"
  Assets:Checking:Primary  -50.00 DKK
  Expenses:Other            50.00 DKK

2019-07-23 * "Til Kærestekonto" "Dagligvarer" #spiir
  spiir-id: "636994912476325053"
  Assets:Checking:Primary  -1000.00 DKK
  Expenses:Food:Groceries   1000.00 DKK

2019-07-23 * "Bikeshare Danmark A/S\\ \\+45 89883910 \\" "Anden transport" #spiir
  spiir-id: "636994912476325054"
  Assets:Checking:Primary   -30.00 DKK
  Expenses:Transport:Other   30.00 DKK

2019-07-23 * "Bikeshare Danmark A/S\\ \\+45 89883910 \\" "Anden transport" #spiir
  spiir-id: "636994912476325055"
  Assets:Checking:Primary   -30.00 DKK
  Expenses:Transport:Other   30.00 DKK

2019-07-23 * "CUB COFFEE BAR\\ \\KOBENHAVN K \\" "Bar, cafe & restaurant" #spiir
  spiir-id: "636994912476325056"
  Assets:Checking:Primary   -64.00 DKK
  Expenses:Food:Restaurant   64.00 DKK

2019-07-25 * "CUB COFFEE BAR\\ \\KOBENHAVN K \\" "Bar, cafe & restaurant" #spiir
  spiir-id: "636996362344836598"
  Assets:Checking:Primary   -37.00 DKK
  Expenses:Food:Restaurant   37.00 DKK

2019-07-25 * "Take & Eat" "Fastfood & takeaway" #spiir
  spiir-id: "636997334959705361"
  Assets:Checking:Primary  -48.00 DKK
  Expenses:Food:Takeaway    48.00 DKK

2019-07-25 * "MobilePay ZAGGIS" "" #spiir
  spiir-id: "636997334959705362"
  Assets:Checking:Primary  -15.00 DKK
  Expenses:Other            15.00 DKK

2019-07-26 * "Fra ApS" "" #spiir
  spiir-id: "636998228251165625"
  Assets:Checking:Primary   40000.00 DKK
  Expenses:Other           -40000.00 DKK

2019-07-26 * "Starbucks Frederik" "Bar, cafe & restaurant" #spiir
  spiir-id: "636998228251165626"
  Assets:Checking:Primary   -35.00 DKK
  Expenses:Food:Restaurant   35.00 DKK

2019-07-27 * "Audible US*MA8W60N51\\ \\888-283-5051 \\" "" #spiir
  spiir-id: "636999917034071001"
  Assets:Checking:Primary  -117.90 DKK
  Expenses:Other            117.90 DKK

2019-07-27 * "Cub Coffee Bar\\ \\Kobenhavn K \\" "Bar, cafe & restaurant" #spiir
  spiir-id: "636999917034071002"
  Assets:Checking:Primary   -64.00 DKK
  Expenses:Food:Restaurant   64.00 DKK

2019-07-29 * "REFFEN" "Bar, cafe & restaurant" #spiir
  spiir-id: "636999917034070999"
  Assets:Checking:Primary   -40.00 DKK
  Expenses:Food:Restaurant   40.00 DKK

2019-07-29 * "REFFEN" "Bar, cafe & restaurant" #spiir
  spiir-id: "636999917034071000"
  Assets:Checking:Primary   -69.00 DKK
  Expenses:Food:Restaurant   69.00 DKK

2019-07-30 * "CUB COFFEE BAR\\ \\KOBENHAVN K \\" "Bar, cafe & restaurant" #spiir
  spiir-id: "637000811427928067"
  Assets:Checking:Primary   -37.00 DKK
  Expenses:Food:Restaurant   37.00 DKK

2019-07-30 * "KICKSTARTER.COM\\ \\HTTPSWWW.KICK\\" "Tøj, sko & accessories" #spiir
  spiir-id: "637000811427928068"
  Assets:Checking:Primary     -1261.29 DKK
  Expenses:Shopping:Clothing   1261.29 DKK

2019-07-30 * "DONKEY.BIKE\\ \\KBENHAVN\\" "Anden transport" #spiir
  spiir-id: "637000811427928069"
  Assets:Checking:Primary   -20.00 DKK
  Expenses:Transport:Other   20.00 DKK

2019-07-30 * "Broaden Build APS\\ \\Copenhagen\\" "" #spiir
  spiir-id: "637000811427928070"
  Assets:Checking:Primary  -70.00 DKK
  Expenses:Other            70.00 DKK

2019-07-30 * "BANANA FINGERS LTD\\ \\BRISTOL\\" "" #spiir
  spiir-id: "637000811427928071"
  Assets:Checking:Primary  -1603.50 DKK
  Expenses:Other            1603.50 DKK

2019-07-30 * "Lønoverførsel" "Løn" #spiir
  spiir-id: "637001514533006689"
  Assets:Checking:Primary   28691.33 DKK
  Income:Salary            -28691.33 DKK

2019-07-30 * "Ricco´s Kaffe" "Bar, cafe & restaurant" #spiir
  spiir-id: "637001514533006690"
  Assets:Checking:Primary   -33.00 DKK
  Expenses:Food:Restaurant   33.00 DKK

2019-07-30 * "Imerco Kbh. S. Ama" "Møbler & boligudstyr" #spiir
  spiir-id: "637001514533006691"
  Assets:Checking:Primary      -181.95 DKK
  Expenses:Shopping:Furniture   181.95 DKK

2019-07-30 * "Netto Backersvej" "Dagligvarer" #spiir
  spiir-id: "637001514533006692"
  Assets:Checking:Primary  -133.55 DKK
  Expenses:Food:Groceries   133.55 DKK

2019-07-30 * "AMAGER BOG & IDE" "Film, musik & læsestof" #spiir
  spiir-id: "637001514533006693"
  Assets:Checking:Primary       -34.95 DKK
  Expenses:Entertainment:Media   34.95 DKK

2019-07-31 * "DONKEY.BIKE\\ \\KBENHAVN\\" "Anden transport" #spiir
  spiir-id: "637001514533006682"
  Assets:Checking:Primary   -18.00 DKK
  Expenses:Transport:Other   18.00 DKK

2019-07-31 * "DONKEY.BIKE\\ \\KBENHAVN\\" "Anden transport" #spiir
  spiir-id: "637001514533006683"
  Assets:Checking:Primary   -18.00 DKK
  Expenses:Transport:Other   18.00 DKK

2019-07-31 * "VISION DIRECT BV\\ \\AMSTERDAM\\" "Briller & kontaktlinser" #spiir
  spiir-id: "637001514533006684"
  Assets:Checking:Primary  -547.07 DKK
  Expenses:Health:Vision    547.07 DKK

2019-07-31 * "AMAZON.DE AMAZON.DE\\ \\AMAZON.DE\\" "" #spiir
  spiir-id: "637001514533006685"
  Assets:Checking:Primary  -310.37 DKK
  Expenses:Other            310.37 DKK

2019-07-31 * "UDEMY: ONLINE COURSES\\ \\DUBLIN 2\\" "" #spiir
  spiir-id: "637001514533006686"
  Assets:Checking:Primary  -83.33 DKK
  Expenses:Other            83.33 DKK

2019-07-31 * "Fælledvej 1 husleje" "Boliglån/husleje" #spiir
  spiir-id: "637001514533006687"
  Assets:Checking:Primary  -6296.00 DKK
  Expenses:House:Mortgage   6296.00 DKK

2019-07-31 * "Post Danmark Share -1137" "Andet privatforbrug" #spiir
  spiir-id: "637001514533006688"
  Assets:Checking:Primary  -60.00 DKK
  Expenses:Shopping:Other   60.00 DKK

2019-07-31 * "3´s Kortbetaling" "Telefoni & internet" #spiir
  spiir-id: "637004398581213908"
  Assets:Checking:Primary         -140.00 DKK
  Expenses:Subscriptions:Telecom   140.00 DKK

2019-07-31 * "Netto Landemærket" "Dagligvarer" #spiir
  spiir-id: "637004398581213909"
  Assets:Checking:Primary  -35.90 DKK
  Expenses:Food:Groceries   35.90 DKK

2019-08-01 * "Salon Lyck" "Frisør & personlig pleje" #spiir
  spiir-id: "637004398581213902"
  Assets:Checking:Primary          -405.00 DKK
  Expenses:Shopping:Personal-Care   405.00 DKK

2019-08-01 * "HOLMS BAGER\\ \\KOBENHAVN S \\" "" #spiir
  spiir-id: "637004398581213903"
  Assets:Checking:Primary  -16.00 DKK
  Expenses:Other            16.00 DKK

2019-08-01 * "ITUNES.COM/BILL\\ \\ITUNES.COM\\" "Online services & software" #spiir
  spiir-id: "637004398581213904"
  Assets:Checking:Primary          -89.00 DKK
  Expenses:Subscriptions:Software   89.00 DKK

2019-08-01 * "Tryg" "Indbo- & familieforsikring" #spiir
  spiir-id: "637004398581213905"
  Assets:Checking:Primary            -169.24 DKK
  Expenses:House:Contents-Insurance   169.24 DKK

2019-08-01 * "Tryg" "Indbo- & familieforsikring" #spiir
  spiir-id: "637004398581213906"
  Assets:Checking:Primary            -490.74 DKK
  Expenses:House:Contents-Insurance   490.74 DKK

2019-08-01 * "Kærestekonto" "Dagligvarer" #spiir
  spiir-id: "637004398581213907"
  Assets:Checking:Primary  -2000.00 DKK
  Expenses:Food:Groceries   2000.00 DKK

2019-08-02 * "Blue Raven" "Bar, cafe & restaurant" #spiir
  spiir-id: "637004398581213899"
  Assets:Checking:Primary   -75.00 DKK
  Expenses:Food:Restaurant   75.00 DKK

2019-08-02 * "APPLE.COM/DK\\ \\70-10-70-72 \\" "Elektronik & computerudstyr" #spiir
  spiir-id: "637004398581213900"
  Assets:Checking:Primary        -599.00 DKK
  Expenses:Shopping:Electronics   599.00 DKK

2019-08-02 * "AIRBNB * HMAF38AFPH\\ \\415-800-5959 \\" "Fly & Hotel" #spiir
  spiir-id: "637004398581213901"
  Assets:Checking:Primary  -1404.45 DKK
  Expenses:Travel           1404.45 DKK

2019-08-03 * "Ida Ingeniørfore. i Danm" "Fagforening & a-kasse" #spiir
  spiir-id: "637005874792473611"
  Assets:Checking:Primary   -878.25 DKK
  Expenses:Insurance:Union   878.25 DKK

2019-08-06 * "MobilePay BY-EXPRESSEN ApS" "" #spiir
  spiir-id: "637007001216947223"
  Assets:Checking:Primary  -112.50 DKK
  Expenses:Other            112.50 DKK

2019-08-06 * "EPICTV\\ \\BRISTOL\\" "" #spiir
  spiir-id: "637007001216947224"
  Assets:Checking:Primary  -557.08 DKK
  Expenses:Other            557.08 DKK

2019-08-07 * "BOG & IDE" "Film, musik & læsestof" #spiir
  spiir-id: "637008484216071264"
  Assets:Checking:Primary       -34.95 DKK
  Expenses:Entertainment:Media   34.95 DKK

2019-08-07 * "Gorm's Fisketorvet" "Bar, cafe & restaurant" #spiir
  spiir-id: "637008484216071265"
  Assets:Checking:Primary   -125.00 DKK
  Expenses:Food:Restaurant   125.00 DKK

2019-08-07 * "Peak Performance" "Tøj, sko & accessories" #spiir
  spiir-id: "637008484216071266"
  Assets:Checking:Primary     -125.00 DKK
  Expenses:Shopping:Clothing   125.00 DKK

2019-08-07 * "Fisketorvet Føtex" "Dagligvarer" #spiir
  spiir-id: "637008484216071267"
  Assets:Checking:Primary  -11.25 DKK
  Expenses:Food:Groceries   11.25 DKK

2019-08-07 * "Peak Performance" "Tøj, sko & accessories" #spiir
  spiir-id: "637008484216071268"
  Assets:Checking:Primary      850.00 DKK
  Expenses:Shopping:Clothing  -850.00 DKK

2019-08-07 * "Matrikel 1 ApS" "Bar, cafe & restaurant" #spiir
  spiir-id: "637008484216071269"
  Assets:Checking:Primary   -28.00 DKK
  Expenses:Food:Restaurant   28.00 DKK

2019-08-07 * "Matrikel 1 ApS" "Bar, cafe & restaurant" #spiir
  spiir-id: "637008484216071270"
  Assets:Checking:Primary   -28.00 DKK
  Expenses:Food:Restaurant   28.00 DKK

2019-08-07 * "MATAS - 14427" "Frisør & personlig pleje" #spiir
  spiir-id: "637008484216071271"
  Assets:Checking:Primary          -69.95 DKK
  Expenses:Shopping:Personal-Care   69.95 DKK

2019-08-08 * "Exoffice ApS" "Bar, cafe & restaurant" #spiir
  spiir-id: "637009259378570789"
  Assets:Checking:Primary   -60.00 DKK
  Expenses:Food:Restaurant   60.00 DKK

2019-08-10 * "MobilePay Lars Bukkehave" "" #spiir
  spiir-id: "637010312973577121"
  Assets:Checking:Primary  -3800.00 DKK
  Expenses:Other            3800.00 DKK

2019-08-10 * "7-Eleven B 085" "Kiosk, bager & specialbutikker" #spiir
  spiir-id: "637011954257554841"
  Assets:Checking:Primary  -22.95 DKK
  Expenses:Food:Kiosk       22.95 DKK

2019-08-13 * "PANIERECHAMONIX\\ \\74CHAMONIX\\" "" #spiir
  spiir-id: "637012793129190359"
  Assets:Checking:Primary  -45.12 DKK
  Expenses:Other            45.12 DKK

2019-08-13 * "SNELL SPORTS\\ \\CHAMONIX MONT\\" "" #spiir
  spiir-id: "637012793129190360"
  Assets:Checking:Primary  -1227.68 DKK
  Expenses:Other            1227.68 DKK

2019-08-13 * "SNELL SPORTS\\ \\CHAMONIX MONT\\" "" #spiir
  spiir-id: "637012793129190361"
  Assets:Checking:Primary  -308.62 DKK
  Expenses:Other            308.62 DKK

2019-08-13 * "COQUOZ SPORTS 01\\ \\CHAMONIX MONT\\" "" #spiir
  spiir-id: "637012793129190362"
  Assets:Checking:Primary  -264.64 DKK
  Expenses:Other            264.64 DKK

2019-08-13 * "GATE GROUP INFLIGHT\\ \\CAPABILITY GR\\" "Ferieaktiviteter" #spiir
  spiir-id: "637012793129190363"
  Assets:Checking:Primary     -22.75 DKK
  Expenses:Travel:Activities   22.75 DKK

2019-08-13 * "ODLO\\ \\CHAMONIX MONT\\" "" #spiir
  spiir-id: "637012793129190364"
  Assets:Checking:Primary  -212.32 DKK
  Expenses:Other            212.32 DKK

2019-08-13 * "ANNAPURNA\\ \\74CHAMONIX MO\\" "" #spiir
  spiir-id: "637012793129190365"
  Assets:Checking:Primary  -527.02 DKK
  Expenses:Other            527.02 DKK

2019-08-13 * "SNELL SPORTS\\ \\CHAMONIX MONT\\" "" #spiir
  spiir-id: "637012793129190366"
  Assets:Checking:Primary  -188.06 DKK
  Expenses:Other            188.06 DKK

2019-08-13 * "SNELL SPORTS\\ \\CHAMONIX MONT\\" "" #spiir
  spiir-id: "637012793129190367"
  Assets:Checking:Primary  -567.96 DKK
  Expenses:Other            567.96 DKK

2019-08-14 * "SUPER MARCHE PAYOT\\ \\CHAMONIX MONT\\" "" #spiir
  spiir-id: "637013836339721141"
  Assets:Checking:Primary  -124.27 DKK
  Expenses:Other            124.27 DKK

2019-08-14 * "SUPER MARCHE PAYOT\\ \\CHAMONIX MONT\\" "" #spiir
  spiir-id: "637013836339721142"
  Assets:Checking:Primary  -173.60 DKK
  Expenses:Other            173.60 DKK

2019-08-14 * "SUPER MARCHE PAYOT\\ \\CHAMONIX MONT\\" "" #spiir
  spiir-id: "637013836339721143"
  Assets:Checking:Primary  -43.95 DKK
  Expenses:Other            43.95 DKK

2019-08-14 * "SUPER MARCHE PAYOT\\ \\CHAMONIX MONT\\" "" #spiir
  spiir-id: "637013836339721144"
  Assets:Checking:Primary  -809.77 DKK
  Expenses:Other            809.77 DKK

2019-08-14 * "INTERSPORT\\ \\74CHAMONIX MO\\" "" #spiir
  spiir-id: "637013836339721145"
  Assets:Checking:Primary  -909.26 DKK
  Expenses:Other            909.26 DKK

2019-08-14 * "Spotify" "Film, musik & læsestof" #spiir
  spiir-id: "637013836339721146"
  Assets:Checking:Primary       -99.00 DKK
  Expenses:Entertainment:Media   99.00 DKK

2019-08-14 * "SUPER MARCHE PAYOT\\ \\CHAMONIX MONT\\" "" #spiir
  spiir-id: "637013836339721147"
  Assets:Checking:Primary  -14.78 DKK
  Expenses:Other            14.78 DKK

2019-08-15 * "Audible US*MA2JF1U91\\ \\888-283-5051 \\" "" #spiir
  spiir-id: "637014779226824068"
  Assets:Checking:Primary  -117.17 DKK
  Expenses:Other            117.17 DKK

2019-08-17 * "Hotel Rest. Bergheimat\\ \\Saas Grund\\" "Fly & Hotel" #spiir
  spiir-id: "637017985090983742"
  Assets:Checking:Primary  -413.20 DKK
  Expenses:Travel           413.20 DKK

2019-08-18 * "ATM UDBET VISA UDL" "Kontanthævning & check" #spiir
  spiir-id: "637019718967167082"
  Assets:Checking:Primary  -30.00 DKK
  Expenses:Cash             30.00 DKK

2019-08-19 * "THE COFFEE COLLECT" "Bar, cafe & restaurant" #spiir
  spiir-id: "637018995001177422"
  Assets:Checking:Primary   -65.00 DKK
  Expenses:Food:Restaurant   65.00 DKK

2019-08-20 * "SUMMIT SAAS-FEE GMBH\\ \\SAAS-FEE\\" "" #spiir
  spiir-id: "637018995001177415"
  Assets:Checking:Primary  -49.80 DKK
  Expenses:Other            49.80 DKK

2019-08-20 * "WKB SAAS-GRUND\\ \\Saas-Grund\\" "" #spiir
  spiir-id: "637018995001177416"
  Assets:Checking:Primary  -1402.64 DKK
  Expenses:Other            1402.64 DKK

2019-08-20 * "SUMUP MISCHABELHUTTE\\ \\SAAS-ALMAGELL\\" "" #spiir
  spiir-id: "637018995001177417"
  Assets:Checking:Primary  -448.84 DKK
  Expenses:Other            448.84 DKK

2019-08-20 * "Foodcourt Starbucks Cafe \\ \\Geneve 15 Aer\\" "Bar, cafe & restaurant" #spiir
  spiir-id: "637018995001177418"
  Assets:Checking:Primary   -49.10 DKK
  Expenses:Food:Restaurant   49.10 DKK

2019-08-20 * "ADF Principale\\ \\Geneve 15 Aer\\" "" #spiir
  spiir-id: "637018995001177419"
  Assets:Checking:Primary  -424.30 DKK
  Expenses:Other            424.30 DKK

2019-08-20 * "SUMUP MISCHABELHUTTE\\ \\SAAS-ALMAGELL\\" "" #spiir
  spiir-id: "637018995001177420"
  Assets:Checking:Primary  -112.21 DKK
  Expenses:Other            112.21 DKK

2019-08-20 * "Rejsekort - DSB" "Bus, tog, færge o.l." #spiir
  spiir-id: "637018995001177421"
  Assets:Checking:Primary    -300.00 DKK
  Expenses:Transport:Public   300.00 DKK

2019-08-22 * "TMM VENDERSGAD\\ \\KOBENHAVN N \\" "" #spiir
  spiir-id: "637020590327267039"
  Assets:Checking:Primary  -65.00 DKK
  Expenses:Other            65.00 DKK

2019-08-22 * "TMM VENDERSGAD\\ \\KOBENHAVN N \\" "" #spiir
  spiir-id: "637020590327267040"
  Assets:Checking:Primary  -60.00 DKK
  Expenses:Other            60.00 DKK

2019-08-22 * "TMM VENDERSGAD\\ \\KOBENHAVN N \\" "" #spiir
  spiir-id: "637020590327389597"
  Assets:Checking:Primary  -55.00 DKK
  Expenses:Other            55.00 DKK

2019-08-22 * "TMM VENDERSGAD\\ \\KOBENHAVN N \\" "" #spiir
  spiir-id: "637020590327389598"
  Assets:Checking:Primary  -65.00 DKK
  Expenses:Other            65.00 DKK

2019-08-23 * "COFFEE ROOM ApS" "Bar, cafe & restaurant" #spiir
  spiir-id: "637021694272541946"
  Assets:Checking:Primary   -39.00 DKK
  Expenses:Food:Restaurant   39.00 DKK

2019-08-23 * "MobilePay PostNord Danmark" "" #spiir
  spiir-id: "637021694272541947"
  Assets:Checking:Primary  -190.00 DKK
  Expenses:Other            190.00 DKK

2019-08-23 * "Juul's Vin & Spiri" "Gaver & velgørenhed" #spiir
  spiir-id: "637022352949876961"
  Assets:Checking:Primary  -399.00 DKK
  Expenses:Gifts            399.00 DKK

2019-08-24 * "NETTO Tagensvej" "Dagligvarer" #spiir
  spiir-id: "637023982718831472"
  Assets:Checking:Primary  -127.15 DKK
  Expenses:Food:Groceries   127.15 DKK

2019-08-24 * "WEFOOD" "Dagligvarer" #spiir
  spiir-id: "637023982718831473"
  Assets:Checking:Primary  -40.00 DKK
  Expenses:Food:Groceries   40.00 DKK

2019-08-24 * "Eventyrsport" "Tøj, sko & accessories" #spiir
  spiir-id: "637023982718831474"
  Assets:Checking:Primary     -439.00 DKK
  Expenses:Shopping:Clothing   439.00 DKK

2019-08-26 * "Coop Kvickly Stran" "Dagligvarer" #spiir
  spiir-id: "637025136395220405"
  Assets:Checking:Primary  -56.95 DKK
  Expenses:Food:Groceries   56.95 DKK

2019-08-27 * "Diana's Bageri" "Kiosk, bager & specialbutikker" #spiir
  spiir-id: "637025136395220401"
  Assets:Checking:Primary  -14.00 DKK
  Expenses:Food:Kiosk       14.00 DKK

2019-08-27 * "Nørrebro Apotek v/" "Apotek & medicin" #spiir
  spiir-id: "637025136395220402"
  Assets:Checking:Primary   -21.55 DKK
  Expenses:Health:Pharmacy   21.55 DKK

2019-08-27 * "Rejsekort - DSB" "Bus, tog, færge o.l." #spiir
  spiir-id: "637025136395220403"
  Assets:Checking:Primary    -50.00 DKK
  Expenses:Transport:Public   50.00 DKK

2019-08-27 * "CUB COFFEE BAR\\ \\KOBENHAVN K \\" "Bar, cafe & restaurant" #spiir
  spiir-id: "637025136395220404"
  Assets:Checking:Primary   -64.00 DKK
  Expenses:Food:Restaurant   64.00 DKK

2019-08-28 * "MobilePay ZAGGIS" "" #spiir
  spiir-id: "637025749744128775"
  Assets:Checking:Primary  -15.00 DKK
  Expenses:Other            15.00 DKK

2019-08-28 * "Wolt Enterprises Oy\\ \\Helsinki\\" "Fastfood & takeaway" #spiir
  spiir-id: "637025749744128776"
  Assets:Checking:Primary  -164.00 DKK
  Expenses:Food:Takeaway    164.00 DKK

2019-08-28 * "TAYEBAT SLAGTERI" "Dagligvarer" #spiir
  spiir-id: "637026973682406103"
  Assets:Checking:Primary  -99.00 DKK
  Expenses:Food:Groceries   99.00 DKK

2019-08-28 * "Nørrebro Apotek v/" "Apotek & medicin" #spiir
  spiir-id: "637026973682406104"
  Assets:Checking:Primary   -147.45 DKK
  Expenses:Health:Pharmacy   147.45 DKK

2019-08-28 * "MobilePay ZAGGIS" "" #spiir
  spiir-id: "637026973682406105"
  Assets:Checking:Primary  -15.00 DKK
  Expenses:Other            15.00 DKK

2019-08-29 * "Alps" "" #spiir
  spiir-id: "637026973682406100"
  Assets:Checking:Primary   679.36 DKK
  Expenses:Other           -679.36 DKK

2019-08-29 * "Ramen To Biiru" "Bar, cafe & restaurant" #spiir
  spiir-id: "637026973682406101"
  Assets:Checking:Primary   -135.00 DKK
  Expenses:Food:Restaurant   135.00 DKK

2019-08-29 * "Spidsroden ApS" "Dagligvarer" #spiir
  spiir-id: "637026973682406102"
  Assets:Checking:Primary  -33.00 DKK
  Expenses:Food:Groceries   33.00 DKK

2019-08-30 * "ANDERSEN\\ \\KOBENHAVN N \\" "Kiosk, bager & specialbutikker" #spiir
  spiir-id: "637027374621810163"
  Assets:Checking:Primary  -38.00 DKK
  Expenses:Food:Kiosk       38.00 DKK

2019-08-30 * "Fælledvej 1 husleje" "Boliglån/husleje" #spiir
  spiir-id: "637027374621810164"
  Assets:Checking:Primary  -6296.00 DKK
  Expenses:House:Mortgage   6296.00 DKK

2019-08-30 * "LØNOVERFØRSEL" "Løn" #spiir
  spiir-id: "637027374621810165"
  Assets:Checking:Primary   19858.33 DKK
  Income:Salary            -19858.33 DKK

2019-08-30 * "3´s Kortbetaling" "Telefoni & internet" #spiir
  spiir-id: "637030257531005818"
  Assets:Checking:Primary         -140.00 DKK
  Expenses:Subscriptions:Telecom   140.00 DKK

2019-08-31 * "MobilePay Sara Trier" "" #spiir
  spiir-id: "637029172638749748"
  Assets:Checking:Primary  -30.00 DKK
  Expenses:Other            30.00 DKK

2019-08-31 * "DSB NETBUTIK" "Bus, tog, færge o.l." #spiir
  spiir-id: "637030257531005815"
  Assets:Checking:Primary    -494.00 DKK
  Expenses:Transport:Public   494.00 DKK

2019-08-31 * "Ali Bageri" "Kiosk, bager & specialbutikker" #spiir
  spiir-id: "637030257531005816"
  Assets:Checking:Primary  -134.00 DKK
  Expenses:Food:Kiosk       134.00 DKK

2019-08-31 * "TACOKONGEN\\ \\CHARLOTTENLUN\\" "" #spiir
  spiir-id: "637030257531005817"
  Assets:Checking:Primary  -384.85 DKK
  Expenses:Other            384.85 DKK

2019-09-01 * "COFFEE COLLECTIVE" "Bar, cafe & restaurant" #spiir
  spiir-id: "637030257531005814"
  Assets:Checking:Primary   -38.00 DKK
  Expenses:Food:Restaurant   38.00 DKK

2019-09-02 * "MobilePay ZAGGIS" "" #spiir
  spiir-id: "637030257531005811"
  Assets:Checking:Primary  -15.00 DKK
  Expenses:Other            15.00 DKK

2019-09-02 * "Kærestekonto" "Dagligvarer" #spiir
  spiir-id: "637030257531005812"
  Assets:Checking:Primary  -2000.00 DKK
  Expenses:Food:Groceries   2000.00 DKK

2019-09-02 * "opsparing" "Anden opsparing" #spiir
  spiir-id: "637030257531005813"
  Assets:Checking:Primary  -5000.00 DKK
  Assets:Savings:Other      5000.00 DKK

2019-09-02 * "MobilePay: Andreas Lyman" "" #spiir
  spiir-id: "637030917557207490"
  Assets:Checking:Primary   453.00 DKK
  Expenses:Other           -453.00 DKK

2019-09-03 * "ANDERSEN\\ \\KOBENHAVN N \\" "Kiosk, bager & specialbutikker" #spiir
  spiir-id: "637030917557207489"
  Assets:Checking:Primary  -35.00 DKK
  Expenses:Food:Kiosk       35.00 DKK

2019-09-03 * "MobilePay Lars Bukkehave" "" #spiir
  spiir-id: "637031828581978126"
  Assets:Checking:Primary  -668.52 DKK
  Expenses:Other            668.52 DKK

2019-09-06 * "Rejsekort - DSB" "Bus, tog, færge o.l." #spiir
  spiir-id: "637033873775242630"
  Assets:Checking:Primary    -300.00 DKK
  Expenses:Transport:Public   300.00 DKK

2019-09-06 * "TMM VENDERSGAD\\ \\KOBENHAVN N \\" "" #spiir
  spiir-id: "637033873775242631"
  Assets:Checking:Primary  -45.00 DKK
  Expenses:Other            45.00 DKK

2019-09-06 * "SLURP FOOD SOL\\ \\KOBENHAVN K \\" "Bar, cafe & restaurant" #spiir
  spiir-id: "637033873775242632"
  Assets:Checking:Primary   -220.00 DKK
  Expenses:Food:Restaurant   220.00 DKK

2019-09-06 * "TMM VENDERSGAD\\ \\KOBENHAVN N \\" "" #spiir
  spiir-id: "637033873775242633"
  Assets:Checking:Primary  -55.00 DKK
  Expenses:Other            55.00 DKK

2019-09-06 * "MobilePay: Miguel Garrido" "" #spiir
  spiir-id: "637034493933292818"
  Assets:Checking:Primary   100.00 DKK
  Expenses:Other           -100.00 DKK

2019-09-06 * "MobilePay: Austin Matsick" "" #spiir
  spiir-id: "637034493933292819"
  Assets:Checking:Primary   100.00 DKK
  Expenses:Other           -100.00 DKK

2019-09-06 * "MobilePay: Ritesh Bhagat" "" #spiir
  spiir-id: "637034493933292820"
  Assets:Checking:Primary   100.00 DKK
  Expenses:Other           -100.00 DKK

2019-09-06 * "La Perla" "Bar, cafe & restaurant" #spiir
  spiir-id: "637034493933292821"
  Assets:Checking:Primary   -500.00 DKK
  Expenses:Food:Restaurant   500.00 DKK

2019-09-08 * "MobilePay Paulo José Meneses Ribeiro Da Cunha" "" #spiir
  spiir-id: "637035334547249831"
  Assets:Checking:Primary  -100.00 DKK
  Expenses:Other            100.00 DKK

2019-09-08 * "MobilePay Paulo José Meneses Ribeiro Da Cunha" "" #spiir
  spiir-id: "637036199760801124"
  Assets:Checking:Primary  -35.00 DKK
  Expenses:Other            35.00 DKK

2019-09-09 * "FRILUFTSLAND A/S" "Tøj, sko & accessories" #spiir
  spiir-id: "637037096560782558"
  Assets:Checking:Primary     -720.00 DKK
  Expenses:Shopping:Clothing   720.00 DKK

2019-09-09 * "MobilePay: Ritesh Bhagat" "" #spiir
  spiir-id: "637037096560782559"
  Assets:Checking:Primary   180.00 DKK
  Expenses:Other           -180.00 DKK

2019-09-09 * "MobilePay: Paulo José Meneses Ribeiro Da Cunha" "" #spiir
  spiir-id: "637037096560782560"
  Assets:Checking:Primary   180.00 DKK
  Expenses:Other           -180.00 DKK

2019-09-10 * "MobilePay ZAGGIS" "" #spiir
  spiir-id: "637037096560782556"
  Assets:Checking:Primary  -15.00 DKK
  Expenses:Other            15.00 DKK

2019-09-10 * "CUB COFFEE BAR\\ \\KOBENHAVN K \\" "Bar, cafe & restaurant" #spiir
  spiir-id: "637037096560782557"
  Assets:Checking:Primary   -37.00 DKK
  Expenses:Food:Restaurant   37.00 DKK

2019-09-10 * "SILVAN 647 Nørrebr" "Ombygning & vedligehold" #spiir
  spiir-id: "637037983422814902"
  Assets:Checking:Primary    -54.90 DKK
  Expenses:House:Renovation   54.90 DKK

2019-09-12 * "DSB" "Bøder & afgifter" #spiir
  spiir-id: "637038696332441576"
  Assets:Checking:Primary  -300.00 DKK
  Expenses:Tax:Fines        300.00 DKK

2019-09-12 * "MobilePay Kuluk Møller Haltrup" "" #spiir
  spiir-id: "637039658554775791"
  Assets:Checking:Primary  -1650.00 DKK
  Expenses:Other            1650.00 DKK

2019-09-12 * "Netto Landemærket" "Dagligvarer" #spiir
  spiir-id: "637039658554775792"
  Assets:Checking:Primary  -43.95 DKK
  Expenses:Food:Groceries   43.95 DKK

2019-09-13 * "MobilePay ZAGGIS" "" #spiir
  spiir-id: "637039658554775789"
  Assets:Checking:Primary  -15.00 DKK
  Expenses:Other            15.00 DKK

2019-09-13 * "Ramen To Biiru, En" "Bar, cafe & restaurant" #spiir
  spiir-id: "637039658554775790"
  Assets:Checking:Primary   -175.00 DKK
  Expenses:Food:Restaurant   175.00 DKK

2019-09-13 * "MobilePay Copenhagen Ale Works ApS" "" #spiir
  spiir-id: "637040385370512256"
  Assets:Checking:Primary  -20.00 DKK
  Expenses:Other            20.00 DKK

2019-09-13 * "Dry & Bitter ApS" "Bar, cafe & restaurant" #spiir
  spiir-id: "637040385370512257"
  Assets:Checking:Primary   -40.00 DKK
  Expenses:Food:Restaurant   40.00 DKK

2019-09-14 * "Spotify" "Film, musik & læsestof" #spiir
  spiir-id: "637042100516728760"
  Assets:Checking:Primary       -99.00 DKK
  Expenses:Entertainment:Media   99.00 DKK

2019-09-15 * "DSB Middelfart Aut" "Bus, tog, færge o.l." #spiir
  spiir-id: "637042100516728758"
  Assets:Checking:Primary    -105.00 DKK
  Expenses:Transport:Public   105.00 DKK

2019-09-15 * "Rejsekort - DSB" "Bus, tog, færge o.l." #spiir
  spiir-id: "637042100516728759"
  Assets:Checking:Primary    -300.00 DKK
  Expenses:Transport:Public   300.00 DKK

2019-09-17 * "FINDMYTRUCK\\ \\FREDERIKSBERG\\" "" #spiir
  spiir-id: "637043202124279004"
  Assets:Checking:Primary  -60.00 DKK
  Expenses:Other            60.00 DKK

2019-09-17 * "Audible US*MW17E5V23\\ \\888-283-5051 \\" "" #spiir
  spiir-id: "637043202124279005"
  Assets:Checking:Primary  -118.38 DKK
  Expenses:Other            118.38 DKK

2019-09-18 * "Rejsekort:K001362408" "" #spiir
  spiir-id: "637044979621802769"
  Assets:Checking:Primary   302.70 DKK
  Expenses:Other           -302.70 DKK

2019-09-19 * "E BILLET A/S" "Biograf, koncerter & forlystelser" #spiir
  spiir-id: "637045288307479327"
  Assets:Checking:Primary        -195.00 DKK
  Expenses:Entertainment:Events   195.00 DKK

2019-09-21 * "MobilePay: Mie Lund" "" #spiir
  spiir-id: "637046759912294775"
  Assets:Checking:Primary   1000.00 DKK
  Expenses:Other           -1000.00 DKK

2019-09-21 * "MobilePay ZAGGIS" "" #spiir
  spiir-id: "637046759912294776"
  Assets:Checking:Primary  -15.00 DKK
  Expenses:Other            15.00 DKK

2019-09-21 * "CUB COFFEE BAR\\ \\KOBENHAVN K \\" "Bar, cafe & restaurant" #spiir
  spiir-id: "637048331460363099"
  Assets:Checking:Primary   -200.00 DKK
  Expenses:Food:Restaurant   200.00 DKK

2019-09-22 * "Beta Boulders Cope" "Bar, cafe & restaurant" #spiir
  spiir-id: "637048331460363097"
  Assets:Checking:Primary   -30.00 DKK
  Expenses:Food:Restaurant   30.00 DKK

2019-09-22 * "Beta Boulders Cope" "Bar, cafe & restaurant" #spiir
  spiir-id: "637048331460363098"
  Assets:Checking:Primary   -30.00 DKK
  Expenses:Food:Restaurant   30.00 DKK

2019-09-22 * "MobilePay: Kasper Falk Torp" "" #spiir
  spiir-id: "637048331460363100"
  Assets:Checking:Primary   100.00 DKK
  Expenses:Other           -100.00 DKK

2019-09-23 * "Normal A/S" "Dagligvarer" #spiir
  spiir-id: "637049059486455004"
  Assets:Checking:Primary  -81.50 DKK
  Expenses:Food:Groceries   81.50 DKK

2019-09-24 * "VISION DIRECT BV\\ \\AMSTERDAM\\" "Briller & kontaktlinser" #spiir
  spiir-id: "637049059486455003"
  Assets:Checking:Primary  -1075.29 DKK
  Expenses:Health:Vision    1075.29 DKK

2019-09-25 * "BRUS APS\\ \\KOBENHAVN N \\" "Bar, cafe & restaurant" #spiir
  spiir-id: "637050015842100878"
  Assets:Checking:Primary   -160.00 DKK
  Expenses:Food:Restaurant   160.00 DKK

2019-09-25 * "BRUS APS\\ \\KOBENHAVN N \\" "Bar, cafe & restaurant" #spiir
  spiir-id: "637050015842100879"
  Assets:Checking:Primary   -140.00 DKK
  Expenses:Food:Restaurant   140.00 DKK

2019-09-25 * "MobilePay: Anna Holst Kurtzweil" "" #spiir
  spiir-id: "637050926368978514"
  Assets:Checking:Primary   700.00 DKK
  Expenses:Other           -700.00 DKK

2019-09-26 * "FEM STJERNER SERVICE APS \\ \\KBENHAVN NV \\" "" #spiir
  spiir-id: "637050926368978513"
  Assets:Checking:Primary  -40.00 DKK
  Expenses:Other            40.00 DKK

2019-09-28 * "LØNOVERFØRSEL" "Løn" #spiir
  spiir-id: "637054478337297397"
  Assets:Checking:Primary   27065.33 DKK
  Income:Salary            -27065.33 DKK

2019-09-29 * "MobilePay ZAGGIS" "" #spiir
  spiir-id: "637054478337297398"
  Assets:Checking:Primary  -15.00 DKK
  Expenses:Other            15.00 DKK

2019-09-29 * "MobilePay: Charlotte Brix Daugberg" "" #spiir
  spiir-id: "637054478337297399"
  Assets:Checking:Primary   1000.00 DKK
  Expenses:Other           -1000.00 DKK

2019-09-30 * "Gebyrer i alt" "Bankgebyrer" #spiir
  spiir-id: "637055383386874916"
  Assets:Checking:Primary  -90.00 DKK
  Expenses:Bank:Fees        90.00 DKK

2019-09-30 * "MALING.DK" "Ombygning & vedligehold" #spiir
  spiir-id: "637055383386874917"
  Assets:Checking:Primary    -94.90 DKK
  Expenses:House:Renovation   94.90 DKK

2019-10-01 * "Bounce Fields ApS\\ \\Kobenhavn S \\" "" #spiir
  spiir-id: "637055383386874907"
  Assets:Checking:Primary  -905.00 DKK
  Expenses:Other            905.00 DKK

2019-10-01 * "KFC-Fields\\ \\Kobenhavn\\" "Fastfood & takeaway" #spiir
  spiir-id: "637055383386874908"
  Assets:Checking:Primary  -239.00 DKK
  Expenses:Food:Takeaway    239.00 DKK

2019-10-01 * "Akademikernes A-Kasse" "Fagforening & a-kasse" #spiir
  spiir-id: "637055383386874909"
  Assets:Checking:Primary   -1320.00 DKK
  Expenses:Insurance:Union   1320.00 DKK

2019-10-01 * "Husleje" "Boliglån/husleje" #spiir
  spiir-id: "637055383386874910"
  Assets:Checking:Primary  -5000.00 DKK
  Expenses:House:Mortgage   5000.00 DKK

2019-10-01 * "Kærestekonto" "Dagligvarer" #spiir
  spiir-id: "637055383386874911"
  Assets:Checking:Primary  -2000.00 DKK
  Expenses:Food:Groceries   2000.00 DKK

2019-10-01 * "opsparing" "Kontooverførsel" #spiir
  spiir-id: "637055383386874912"
  Assets:Checking:Primary  -5000.00 DKK
  Assets:Transfer           5000.00 DKK

2019-10-01 * "Depositum retur" "Anden indkomst" #spiir
  spiir-id: "637055383386874913"
  Assets:Checking:Primary   23490.00 DKK
  Income:Other             -23490.00 DKK

2019-10-01 * "FK-Feriepenge" "Feriepenge" #spiir
  spiir-id: "637055383386874914"
  Assets:Checking:Primary   9082.72 DKK
  Income:Holiday           -9082.72 DKK

2019-10-01 * "3´s Kortbetaling" "Telefoni & internet" #spiir
  spiir-id: "637055383386874915"
  Assets:Checking:Primary         -140.00 DKK
  Expenses:Subscriptions:Telecom   140.00 DKK

2019-10-01 * "DR" "TV & streaming" #spiir
  spiir-id: "637056385484567939"
  Assets:Checking:Primary           -310.00 DKK
  Expenses:Subscriptions:Streaming   310.00 DKK

2019-10-01 * "MobilePay WeShare" "" #spiir
  spiir-id: "637056385484567940"
  Assets:Checking:Primary  -991.77 DKK
  Expenses:Other            991.77 DKK

2019-10-01 * "opsparing" "Kontooverførsel" #spiir
  spiir-id: "637361145906653147"
  Assets:Savings    5000.00 DKK
  Assets:Transfer  -5000.00 DKK

2019-10-02 * "www.av-cables.dk" "Elektronik & computerudstyr" #spiir
  spiir-id: "637056385484567937"
  Assets:Checking:Primary        -153.00 DKK
  Expenses:Shopping:Electronics   153.00 DKK

2019-10-02 * "MobilePay: Lars Grønnegaard" "" #spiir
  spiir-id: "637056385484567938"
  Assets:Checking:Primary   468.50 DKK
  Expenses:Other           -468.50 DKK

2019-10-04 * "Himmeriget" "Bar, cafe & restaurant" #spiir
  spiir-id: "637058693278298120"
  Assets:Checking:Primary   -270.00 DKK
  Expenses:Food:Restaurant   270.00 DKK

2019-10-04 * "MobilePay: Dan Meakin" "" #spiir
  spiir-id: "637058693278298121"
  Assets:Checking:Primary   67.50 DKK
  Expenses:Other           -67.50 DKK

2019-10-04 * "MobilePay: Dessouky" "" #spiir
  spiir-id: "637058693278298122"
  Assets:Checking:Primary   90.00 DKK
  Expenses:Other           -90.00 DKK

2019-10-04 * "Himmeriget" "Bar, cafe & restaurant" #spiir
  spiir-id: "637060510168538588"
  Assets:Checking:Primary   -135.00 DKK
  Expenses:Food:Restaurant   135.00 DKK

2019-10-04 * "Himmeriget" "Bar, cafe & restaurant" #spiir
  spiir-id: "637060510168538589"
  Assets:Checking:Primary   -55.00 DKK
  Expenses:Food:Restaurant   55.00 DKK

2019-10-05 * "Copenhagen boulder" "Bar, cafe & restaurant" #spiir
  spiir-id: "637060510168538585"
  Assets:Checking:Primary   -40.00 DKK
  Expenses:Food:Restaurant   40.00 DKK

2019-10-05 * "Himmeriget" "Bar, cafe & restaurant" #spiir
  spiir-id: "637060510168538586"
  Assets:Checking:Primary   -155.00 DKK
  Expenses:Food:Restaurant   155.00 DKK

2019-10-05 * "Himmeriget" "Bar, cafe & restaurant" #spiir
  spiir-id: "637060510168538587"
  Assets:Checking:Primary   -55.00 DKK
  Expenses:Food:Restaurant   55.00 DKK

2019-10-06 * "Kajakhotellet" "Hobby & sportsudstyr" #spiir
  spiir-id: "637060510168538584"
  Assets:Checking:Primary   -1662.00 DKK
  Expenses:Shopping:Sports   1662.00 DKK

2019-10-07 * "Salon Lyck" "Frisør & personlig pleje" #spiir
  spiir-id: "637060510168538583"
  Assets:Checking:Primary          -405.00 DKK
  Expenses:Shopping:Personal-Care   405.00 DKK

2019-10-07 * "MobilePay: Bang" "" #spiir
  spiir-id: "637061156820482170"
  Assets:Checking:Primary   220.00 DKK
  Expenses:Other           -220.00 DKK

2019-10-08 * "McDonalds\\ \\Koebenhavn k \\" "Fastfood & takeaway" #spiir
  spiir-id: "637061156820482168"
  Assets:Checking:Primary  -20.00 DKK
  Expenses:Food:Takeaway    20.00 DKK

2019-10-08 * "McDonalds\\ \\Koebenhavn k \\" "Fastfood & takeaway" #spiir
  spiir-id: "637061156820482169"
  Assets:Checking:Primary  -47.00 DKK
  Expenses:Food:Takeaway    47.00 DKK

2019-10-08 * "Nordisk Film Bio" "Biograf, koncerter & forlystelser" #spiir
  spiir-id: "637061993170625248"
  Assets:Checking:Primary        -440.00 DKK
  Expenses:Entertainment:Events   440.00 DKK

2019-10-10 * "The Body Shop Købm" "Frisør & personlig pleje" #spiir
  spiir-id: "637063687363675754"
  Assets:Checking:Primary          -145.00 DKK
  Expenses:Shopping:Personal-Care   145.00 DKK

2019-10-11 * "KLM\\ \\Amsterdam\\" "Fly & Hotel" #spiir
  spiir-id: "637063687363675752"
  Assets:Checking:Primary  -3529.00 DKK
  Expenses:Travel           3529.00 DKK

2019-10-11 * "KLM\\ \\Amsterdam\\" "Fly & Hotel" #spiir
  spiir-id: "637063687363675753"
  Assets:Checking:Primary  -2951.00 DKK
  Expenses:Travel           2951.00 DKK

2019-10-11 * "MobilePay DSB app" "" #spiir
  spiir-id: "637064590620459916"
  Assets:Checking:Primary  -474.00 DKK
  Expenses:Other            474.00 DKK

2019-10-11 * "MobilePay Dan Meakin" "" #spiir
  spiir-id: "637064590620459917"
  Assets:Checking:Primary  -100.00 DKK
  Expenses:Other            100.00 DKK

2019-10-11 * "7-Eleven B014" "Kiosk, bager & specialbutikker" #spiir
  spiir-id: "637064590620459918"
  Assets:Checking:Primary  -12.95 DKK
  Expenses:Food:Kiosk       12.95 DKK

2019-10-11 * "7-Eleven B014" "Kiosk, bager & specialbutikker" #spiir
  spiir-id: "637064590620459919"
  Assets:Checking:Primary  -21.95 DKK
  Expenses:Food:Kiosk       21.95 DKK

2019-10-11 * "Langrendstur" "" #spiir
  spiir-id: "637064590620459920"
  Assets:Checking:Primary  -1500.00 DKK
  Expenses:Other            1500.00 DKK

2019-10-12 * "Rejsekort - DSB" "Bus, tog, færge o.l." #spiir
  spiir-id: "637066426201081195"
  Assets:Checking:Primary    -300.00 DKK
  Expenses:Transport:Public   300.00 DKK

2019-10-13 * "MobilePay: Paulo José Meneses Ribeiro Da Cunha" "" #spiir
  spiir-id: "637066002078270389"
  Assets:Checking:Primary   35.00 DKK
  Expenses:Other           -35.00 DKK

2019-10-13 * "Beta Boulders Cope" "Bar, cafe & restaurant" #spiir
  spiir-id: "637066426201081194"
  Assets:Checking:Primary   -65.00 DKK
  Expenses:Food:Restaurant   65.00 DKK

2019-10-14 * "MobilePay Bang" "" #spiir
  spiir-id: "637066426201081193"
  Assets:Checking:Primary  -97.50 DKK
  Expenses:Other            97.50 DKK

2019-10-14 * "DSB 7-Eleven NPNor" "Kiosk, bager & specialbutikker" #spiir
  spiir-id: "637067175643660676"
  Assets:Checking:Primary  -20.00 DKK
  Expenses:Food:Kiosk       20.00 DKK

2019-10-15 * "Audible US*EC6RK89I3\\ \\888-283-5051 \\" "" #spiir
  spiir-id: "637067175643660670"
  Assets:Checking:Primary  -119.03 DKK
  Expenses:Other            119.03 DKK

2019-10-15 * "Broaden Build APS\\ \\Copenhagen\\" "Bar, cafe & restaurant" #spiir
  spiir-id: "637067175643660673"
  Assets:Checking:Primary   -70.00 DKK
  Expenses:Food:Restaurant   70.00 DKK

2019-10-15 * "AMZN Mktp DE*MO9WV1EG4\\ \\AMAZON.DE\\" "" #spiir
  spiir-id: "637067175643660675"
  Assets:Checking:Primary  -298.52 DKK
  Expenses:Other            298.52 DKK

2019-10-15 * "AKTIESELSKABET BRE" "Bar, cafe & restaurant" #spiir
  spiir-id: "637068076079180596"
  Assets:Checking:Primary   -70.00 DKK
  Expenses:Food:Restaurant   70.00 DKK

2019-10-16 * "KAF BAR\\ \\KOBENHAVN K \\" "" #spiir
  spiir-id: "637068076079180595"
  Assets:Checking:Primary  -35.00 DKK
  Expenses:Other            35.00 DKK

2019-10-18 * "Collectia CMS" "Forbrugslån" #spiir
  spiir-id: "637069846718132266"
  Assets:Checking:Primary  -803.44 DKK
  Expenses:Loans:Consumer   803.44 DKK

2019-10-18 * "MobilePay L-M B" "" #spiir
  spiir-id: "637070707288282972"
  Assets:Checking:Primary  -119.00 DKK
  Expenses:Other            119.00 DKK

2019-10-18 * "Amager Running Sus" "Bar, cafe & restaurant" #spiir
  spiir-id: "637070707288282973"
  Assets:Checking:Primary   -973.00 DKK
  Expenses:Food:Restaurant   973.00 DKK

2019-10-20 * "Beta Boulders Cope" "Bar, cafe & restaurant" #spiir
  spiir-id: "637072535504523486"
  Assets:Checking:Primary   -30.00 DKK
  Expenses:Food:Restaurant   30.00 DKK

2019-10-20 * "DSB 7-Eleven Kbh H" "Kiosk, bager & specialbutikker" #spiir
  spiir-id: "637072535504523487"
  Assets:Checking:Primary  -25.60 DKK
  Expenses:Food:Kiosk       25.60 DKK

2019-10-20 * "Rejsekort - DSB" "Bus, tog, færge o.l." #spiir
  spiir-id: "637072535504523488"
  Assets:Checking:Primary    -300.00 DKK
  Expenses:Transport:Public   300.00 DKK

2019-10-21 * "Amager Strand Apot" "Apotek & medicin" #spiir
  spiir-id: "637072535504523484"
  Assets:Checking:Primary   -84.95 DKK
  Expenses:Health:Pharmacy   84.95 DKK

2019-10-21 * "MobilePay Paulo José Meneses Ribeiro Da Cunha" "" #spiir
  spiir-id: "637072535504523485"
  Assets:Checking:Primary  -30.00 DKK
  Expenses:Other            30.00 DKK

2019-10-23 * "MobilePay: Dessouky" "" #spiir
  spiir-id: "637075087700829355"
  Assets:Checking:Primary   954.56 DKK
  Expenses:Other           -954.56 DKK

2019-10-23 * "Mexican Ranger ApS" "Fastfood & takeaway" #spiir
  spiir-id: "637075087700829356"
  Assets:Checking:Primary  -69.00 DKK
  Expenses:Food:Takeaway    69.00 DKK

2019-10-23 * "Mexican Ranger ApS" "Fastfood & takeaway" #spiir
  spiir-id: "637075087700829357"
  Assets:Checking:Primary  -129.00 DKK
  Expenses:Food:Takeaway    129.00 DKK

2019-10-24 * "MobilePay Paulo José Meneses Ribeiro Da Cunha" "" #spiir
  spiir-id: "637075087700829354"
  Assets:Checking:Primary  -200.00 DKK
  Expenses:Other            200.00 DKK

2019-10-25 * "SKAAL CPH\\ \\KOEBENHAVN K \\" "" #spiir
  spiir-id: "637075942795941120"
  Assets:Checking:Primary  -52.00 DKK
  Expenses:Other            52.00 DKK

2019-10-25 * "SKAAL CPH\\ \\KOEBENHAVN K \\" "" #spiir
  spiir-id: "637075942795941121"
  Assets:Checking:Primary  -44.00 DKK
  Expenses:Other            44.00 DKK

2019-10-26 * "COFFEE ROOM ApS" "Bar, cafe & restaurant" #spiir
  spiir-id: "637078562318260008"
  Assets:Checking:Primary   -39.00 DKK
  Expenses:Food:Restaurant   39.00 DKK

2019-10-29 * "ITUNES.COM/BILL\\ \\80249625\\" "Online services & software" #spiir
  spiir-id: "637079250372108817"
  Assets:Checking:Primary          -89.00 DKK
  Expenses:Subscriptions:Software   89.00 DKK

2019-10-30 * "WANDRD\\ \\WWW.WANDRD.CO\\" "" #spiir
  spiir-id: "637080158866542088"
  Assets:Checking:Primary  -190.42 DKK
  Expenses:Other            190.42 DKK

2019-10-30 * "Lønoverførsel" "Løn" #spiir
  spiir-id: "637081056715936686"
  Assets:Checking:Primary   1295.00 DKK
  Income:Salary            -1295.00 DKK

2019-10-31 * "WeShare: Bro" "Gaver & velgørenhed" #spiir
  spiir-id: "637081056715936682"
  Assets:Checking:Primary   697.00 DKK
  Expenses:Gifts           -697.00 DKK

2019-10-31 * "MobilePay PostNord Danmark" "" #spiir
  spiir-id: "637081056715936683"
  Assets:Checking:Primary  -65.00 DKK
  Expenses:Other            65.00 DKK

2019-10-31 * "LØNOVERFØRSEL" "Løn" #spiir
  spiir-id: "637081056715936684"
  Assets:Checking:Primary   27065.33 DKK
  Income:Salary            -27065.33 DKK

2019-10-31 * "COFFEE ROOM ApS" "Bar, cafe & restaurant" #spiir
  spiir-id: "637081056715936685"
  Assets:Checking:Primary   -39.00 DKK
  Expenses:Food:Restaurant   39.00 DKK

2019-10-31 * "3´s Kortbetaling" "Telefoni & internet" #spiir
  spiir-id: "637081895457008376"
  Assets:Checking:Primary         -140.55 DKK
  Expenses:Subscriptions:Telecom   140.55 DKK

2019-10-31 * "Fakta Strandlodsve" "Dagligvarer" #spiir
  spiir-id: "637081895457008377"
  Assets:Checking:Primary  -35.40 DKK
  Expenses:Food:Groceries   35.40 DKK

2019-11-01 * "Tryg" "Indbo- & familieforsikring" #spiir
  spiir-id: "637081895457008371"
  Assets:Checking:Primary            -120.71 DKK
  Expenses:House:Contents-Insurance   120.71 DKK

2019-11-01 * "Tryg" "Indbo- & familieforsikring" #spiir
  spiir-id: "637081895457008372"
  Assets:Checking:Primary            -672.74 DKK
  Expenses:House:Contents-Insurance   672.74 DKK

2019-11-01 * "Kærestekonto" "Dagligvarer" #spiir
  spiir-id: "637081895457008373"
  Assets:Checking:Primary  -2000.00 DKK
  Expenses:Food:Groceries   2000.00 DKK

2019-11-01 * "opsparing" "Anden opsparing" #spiir
  spiir-id: "637081895457008374"
  Assets:Checking:Primary  -5000.00 DKK
  Assets:Savings:Other      5000.00 DKK

2019-11-01 * "Husleje" "Kontooverførsel" #spiir
  spiir-id: "637081895457008375"
  Assets:Checking:Primary  -5000.00 DKK
  Assets:Transfer           5000.00 DKK

2019-11-01 * "opsparing" "Kontooverførsel" #spiir
  spiir-id: "637361145906653146"
  Assets:Savings    5000.00 DKK
  Assets:Transfer  -5000.00 DKK

2019-11-02 * "REMA 1000 kbh. ham" "Dagligvarer" #spiir
  spiir-id: "637084455854796760"
  Assets:Checking:Primary  -110.00 DKK
  Expenses:Food:Groceries   110.00 DKK

2019-11-02 * "Café Auto" "Bar, cafe & restaurant" #spiir
  spiir-id: "637084455854796761"
  Assets:Checking:Primary   -871.00 DKK
  Expenses:Food:Restaurant   871.00 DKK

2019-11-05 * "ROAST COFFEE A\\ \\KOBENHAVN S \\" "Bar, cafe & restaurant" #spiir
  spiir-id: "637085438004334564"
  Assets:Checking:Primary   -72.00 DKK
  Expenses:Food:Restaurant   72.00 DKK

2019-11-05 * "Ida Ingeniørfore. i Danm" "Fagforening & a-kasse" #spiir
  spiir-id: "637085438004334565"
  Assets:Checking:Primary   -878.25 DKK
  Expenses:Insurance:Union   878.25 DKK

2019-11-06 * "7-Eleven B014" "Kiosk, bager & specialbutikker" #spiir
  spiir-id: "637087157475566388"
  Assets:Checking:Primary  -49.95 DKK
  Expenses:Food:Kiosk       49.95 DKK

2019-11-07 * "MobilePay Dan Meakin" "" #spiir
  spiir-id: "637087157475566387"
  Assets:Checking:Primary  -215.00 DKK
  Expenses:Other            215.00 DKK

2019-11-08 * "SMUGGLER IMPOR\\ \\KOBENHAVN N \\" "Bar, cafe & restaurant" #spiir
  spiir-id: "637088096577240938"
  Assets:Checking:Primary   -40.00 DKK
  Expenses:Food:Restaurant   40.00 DKK

2019-11-08 * "TMM VENDERSGAD\\ \\KOBENHAVN N \\" "" #spiir
  spiir-id: "637088096577240939"
  Assets:Checking:Primary  -110.00 DKK
  Expenses:Other            110.00 DKK

2019-11-09 * "Rejsekort - DSB" "Bus, tog, færge o.l." #spiir
  spiir-id: "637090755659218034"
  Assets:Checking:Primary    -300.00 DKK
  Expenses:Transport:Public   300.00 DKK

2019-11-09 * "APPLE.COM/DK\\ \\70-10-70-72 \\" "Elektronik & computerudstyr" #spiir
  spiir-id: "637090755659218035"
  Assets:Checking:Primary        -2199.00 DKK
  Expenses:Shopping:Electronics   2199.00 DKK

2019-11-12 * "KAF BAR\\ \\KOBENHAVN K \\" "" #spiir
  spiir-id: "637091389754743160"
  Assets:Checking:Primary  -35.00 DKK
  Expenses:Other            35.00 DKK

2019-11-12 * "APPLE.COM/BILL\\ \\80249625\\" "Online services & software" #spiir
  spiir-id: "637091389754743161"
  Assets:Checking:Primary          -59.00 DKK
  Expenses:Subscriptions:Software   59.00 DKK

2019-11-13 * "MATAS - 14427" "Frisør & personlig pleje" #spiir
  spiir-id: "637093327123455724"
  Assets:Checking:Primary          -49.95 DKK
  Expenses:Shopping:Personal-Care   49.95 DKK

2019-11-13 * "WeShare: Bro" "Gaver & velgørenhed" #spiir
  spiir-id: "637093327123455725"
  Assets:Checking:Primary   435.50 DKK
  Expenses:Gifts           -435.50 DKK

2019-11-14 * "Tryg" "Indbo- & familieforsikring" #spiir
  spiir-id: "637093327123455721"
  Assets:Checking:Primary             128.40 DKK
  Expenses:House:Contents-Insurance  -128.40 DKK

2019-11-14 * "AMZNMktplace\\ \\amazon.co.uk \\" "" #spiir
  spiir-id: "637093327123455722"
  Assets:Checking:Primary  -272.41 DKK
  Expenses:Other            272.41 DKK

2019-11-14 * "KAF BAR\\ \\KOBENHAVN K \\" "" #spiir
  spiir-id: "637093327123455723"
  Assets:Checking:Primary  -35.00 DKK
  Expenses:Other            35.00 DKK

2019-11-15 * "Audible US*SZ40J8HQ3\\ \\888-283-5051 \\" "" #spiir
  spiir-id: "637094112897783262"
  Assets:Checking:Primary  -119.16 DKK
  Expenses:Other            119.16 DKK

2019-11-15 * "FJELD & FRITID" "Tøj, sko & accessories" #spiir
  spiir-id: "637094968289837945"
  Assets:Checking:Primary     -279.00 DKK
  Expenses:Shopping:Clothing   279.00 DKK

2019-11-15 * "Burger King" "Fastfood & takeaway" #spiir
  spiir-id: "637094968289837946"
  Assets:Checking:Primary  -29.00 DKK
  Expenses:Food:Takeaway    29.00 DKK

2019-11-17 * "Beta Boulders Cope" "Bar, cafe & restaurant" #spiir
  spiir-id: "637096727980901711"
  Assets:Checking:Primary   -30.00 DKK
  Expenses:Food:Restaurant   30.00 DKK

2019-11-18 * "KANO OG KAJAK BUTI" "Hobby & sportsudstyr" #spiir
  spiir-id: "637097410648823210"
  Assets:Checking:Primary   -218.10 DKK
  Expenses:Shopping:Sports   218.10 DKK

2019-11-18 * "Salon Lyck" "Frisør & personlig pleje" #spiir
  spiir-id: "637097410648823211"
  Assets:Checking:Primary          -470.00 DKK
  Expenses:Shopping:Personal-Care   470.00 DKK

2019-11-19 * "VEGA\\ \\KOEBENHAVN V \\" "" #spiir
  spiir-id: "637097410648823207"
  Assets:Checking:Primary  -70.00 DKK
  Expenses:Other            70.00 DKK

2019-11-19 * "APPLE.COM/BILL\\ \\ITUNES.COM\\" "Online services & software" #spiir
  spiir-id: "637097410648823208"
  Assets:Checking:Primary          -62.00 DKK
  Expenses:Subscriptions:Software   62.00 DKK

2019-11-19 * "APPLE.COM/BILL\\ \\ITUNES.COM\\" "Online services & software" #spiir
  spiir-id: "637097410648823209"
  Assets:Checking:Primary          -7.00 DKK
  Expenses:Subscriptions:Software   7.00 DKK

2019-11-19 * "MobilePay Martin Pedersen" "" #spiir
  spiir-id: "637098265489563790"
  Assets:Checking:Primary  -4900.00 DKK
  Expenses:Other            4900.00 DKK

2019-11-19 * "Dry & Bitter ApS" "Bar, cafe & restaurant" #spiir
  spiir-id: "637098265489563791"
  Assets:Checking:Primary   -100.00 DKK
  Expenses:Food:Restaurant   100.00 DKK

2019-11-20 * "HOTDOGDELI CPH\\ \\KOEBENHAVN V \\" "Bar, cafe & restaurant" #spiir
  spiir-id: "637098265489563788"
  Assets:Checking:Primary   -140.00 DKK
  Expenses:Food:Restaurant   140.00 DKK

2019-11-20 * "Rejsekort - DSB" "Bus, tog, færge o.l." #spiir
  spiir-id: "637098265489563789"
  Assets:Checking:Primary    -300.00 DKK
  Expenses:Transport:Public   300.00 DKK

2019-11-20 * "Til Kærestekonto" "Dagligvarer" #spiir
  spiir-id: "637099141697318818"
  Assets:Checking:Primary  -1000.00 DKK
  Expenses:Food:Groceries   1000.00 DKK

2019-11-20 * "Til Kærestekonto" "Dagligvarer" #spiir
  spiir-id: "637099141697318819"
  Assets:Checking:Primary  -1000.00 DKK
  Expenses:Food:Groceries   1000.00 DKK

2019-11-21 * "Espresso House71XX" "Bar, cafe & restaurant" #spiir
  spiir-id: "637100071693527470"
  Assets:Checking:Primary   -36.00 DKK
  Expenses:Food:Restaurant   36.00 DKK

2019-11-26 * "KICKSTARTER.COM\\ \\HTTPSWWW.KICK\\" "Møbler & boligudstyr" #spiir
  spiir-id: "637103663627332183"
  Assets:Checking:Primary      -442.94 DKK
  Expenses:Shopping:Furniture   442.94 DKK

2019-11-28 * "APPLE.COM/BILL\\ \\ITUNES.COM\\" "Online services & software" #spiir
  spiir-id: "637105194439583772"
  Assets:Checking:Primary          -35.00 DKK
  Expenses:Subscriptions:Software   35.00 DKK

2019-11-29 * "UR MAY TAN\\ \\TAIPEI\\" "" #spiir
  spiir-id: "637106084385627220"
  Assets:Checking:Primary  -88.68 DKK
  Expenses:Other            88.68 DKK

2019-11-29 * "MINISO INTERNATIONAL CORP\\ \\TAIPEI\\" "" #spiir
  spiir-id: "637106084385627221"
  Assets:Checking:Primary  -67.98 DKK
  Expenses:Other            67.98 DKK

2019-11-29 * "MINISO INTERNATIONAL CORP\\ \\TAIPEI\\" "" #spiir
  spiir-id: "637106084385627222"
  Assets:Checking:Primary  -13.41 DKK
  Expenses:Other            13.41 DKK

2019-11-29 * "LØNOVERFØRSEL" "Løn" #spiir
  spiir-id: "637106084385627223"
  Assets:Checking:Primary   21059.33 DKK
  Income:Salary            -21059.33 DKK

2019-11-30 * "MobilePay TP whisky club" "" #spiir
  spiir-id: "637106908409261607"
  Assets:Checking:Primary  -250.00 DKK
  Expenses:Other            250.00 DKK

2019-11-30 * "Momentum\\ \\TAIPEI\\" "" #spiir
  spiir-id: "637108802189982639"
  Assets:Checking:Primary  -1417.24 DKK
  Expenses:Other            1417.24 DKK

2019-11-30 * "Tryg" "Indbo- & familieforsikring" #spiir
  spiir-id: "637108802189982640"
  Assets:Checking:Primary            -109.59 DKK
  Expenses:House:Contents-Insurance   109.59 DKK

2019-11-30 * "3´s Kortbetaling" "Telefoni & internet" #spiir
  spiir-id: "637108802189982641"
  Assets:Checking:Primary         -145.31 DKK
  Expenses:Subscriptions:Telecom   145.31 DKK

2019-12-02 * "Kærestekonto" "Dagligvarer" #spiir
  spiir-id: "637108802189982636"
  Assets:Checking:Primary  -2000.00 DKK
  Expenses:Food:Groceries   2000.00 DKK

2019-12-02 * "opsparing" "Anden opsparing" #spiir
  spiir-id: "637108802189982637"
  Assets:Checking:Primary  -5000.00 DKK
  Assets:Savings:Other      5000.00 DKK

2019-12-02 * "Husleje" "Kontooverførsel" #spiir
  spiir-id: "637108802189982638"
  Assets:Checking:Primary  -5000.00 DKK
  Assets:Transfer           5000.00 DKK

2019-12-02 * "opsparing" "Kontooverførsel" #spiir
  spiir-id: "637361145906653145"
  Assets:Savings    5000.00 DKK
  Assets:Transfer  -5000.00 DKK

2019-12-03 * "Wiggle Limited\\ \\Portsmouth\\" "Hobby & sportsudstyr" #spiir
  spiir-id: "637109519037506770"
  Assets:Checking:Primary   -726.66 DKK
  Expenses:Shopping:Sports   726.66 DKK

2019-12-03 * "loebeshop.dk" "Hobby & sportsudstyr" #spiir
  spiir-id: "637110373177650479"
  Assets:Checking:Primary   -1154.00 DKK
  Expenses:Shopping:Sports   1154.00 DKK

2019-12-04 * "WeShare: Duuuudes" "Biograf, koncerter & forlystelser" #spiir
  spiir-id: "637111572831469060"
  Assets:Checking:Primary         22.35 DKK
  Expenses:Entertainment:Events  -22.35 DKK

2019-12-04 * "Årsrejseforsikring" "Rejseforsikring" #spiir
  spiir-id: "637111572831469061"
  Assets:Checking:Primary    -470.50 DKK
  Expenses:Travel:Insurance   470.50 DKK

2019-12-04 * "Fællesudgifter" "Ejerforening" #spiir
  spiir-id: "637111572831469062"
  Assets:Checking:Primary     -461.00 DKK
  Expenses:House:Association   461.00 DKK

2019-12-04 * "MENY AMAGER" "Dagligvarer" #spiir
  spiir-id: "637111572831583273"
  Assets:Checking:Primary  -419.59 DKK
  Expenses:Food:Groceries   419.59 DKK

2019-12-05 * "WeShare: Julefrokost" "Bar, cafe & restaurant" #spiir
  spiir-id: "637111572831469057"
  Assets:Checking:Primary    46.29 DKK
  Expenses:Food:Restaurant  -46.29 DKK

2019-12-05 * "MobilePay WeShare" "" #spiir
  spiir-id: "637111572831469058"
  Assets:Checking:Primary  -107.76 DKK
  Expenses:Other            107.76 DKK

2019-12-05 * "WeShare: Duuuudes" "Biograf, koncerter & forlystelser" #spiir
  spiir-id: "637111572831469059"
  Assets:Checking:Primary         85.41 DKK
  Expenses:Entertainment:Events  -85.41 DKK

2019-12-05 * "Nørrebro Apotek v/" "Apotek & medicin" #spiir
  spiir-id: "637112159300135161"
  Assets:Checking:Primary   -45.25 DKK
  Expenses:Health:Pharmacy   45.25 DKK

2019-12-06 * "EDA KIOSK" "Kiosk, bager & specialbutikker" #spiir
  spiir-id: "637113063272218598"
  Assets:Checking:Primary  -12.00 DKK
  Expenses:Food:Kiosk       12.00 DKK

2019-12-06 * "Langrendstur" "" #spiir
  spiir-id: "637113063272218599"
  Assets:Checking:Primary  -1500.00 DKK
  Expenses:Other            1500.00 DKK

2019-12-07 * "Durum Bar" "Bar, cafe & restaurant" #spiir
  spiir-id: "637114730183404088"
  Assets:Checking:Primary   -64.00 DKK
  Expenses:Food:Restaurant   64.00 DKK

2019-12-08 * "WeShare: Julefrokost" "Bar, cafe & restaurant" #spiir
  spiir-id: "637114730183404089"
  Assets:Checking:Primary    13.47 DKK
  Expenses:Food:Restaurant  -13.47 DKK

2019-12-10 * "WeShare: Julefrokost" "Bar, cafe & restaurant" #spiir
  spiir-id: "637115768179856075"
  Assets:Checking:Primary    107.68 DKK
  Expenses:Food:Restaurant  -107.68 DKK

2019-12-10 * "WeShare: Julefrokost" "Bar, cafe & restaurant" #spiir
  spiir-id: "637115768179856076"
  Assets:Checking:Primary    82.99 DKK
  Expenses:Food:Restaurant  -82.99 DKK

2019-12-10 * "CUB COFFEE BAR\\ \\KOBENHAVN K \\" "Bar, cafe & restaurant" #spiir
  spiir-id: "637115768179856077"
  Assets:Checking:Primary   -200.00 DKK
  Expenses:Food:Restaurant   200.00 DKK

2019-12-10 * "FAKTA STRANDLODSVEJ\\ \\KOEBENHAVN S \\" "Dagligvarer" #spiir
  spiir-id: "637115768179856078"
  Assets:Checking:Primary  -192.35 DKK
  Expenses:Food:Groceries   192.35 DKK

2019-12-10 * "DONKEY.BIKE\\ \\COPENHAGEN K \\" "Anden transport" #spiir
  spiir-id: "637115768179856079"
  Assets:Checking:Primary   -60.00 DKK
  Expenses:Transport:Other   60.00 DKK

2019-12-11 * "VISION DIRECT BV\\ \\AMSTERDAM\\" "Briller & kontaktlinser" #spiir
  spiir-id: "637116508132173406"
  Assets:Checking:Primary  -1234.79 DKK
  Expenses:Health:Vision    1234.79 DKK

2019-12-11 * "jysk.dk" "Møbler & boligudstyr" #spiir
  spiir-id: "637116508132173407"
  Assets:Checking:Primary      -2600.00 DKK
  Expenses:Shopping:Furniture   2600.00 DKK

2019-12-11 * "COFFEE ROOM ApS" "Bar, cafe & restaurant" #spiir
  spiir-id: "637116508132173408"
  Assets:Checking:Primary   -39.00 DKK
  Expenses:Food:Restaurant   39.00 DKK

2019-12-11 * "MobilePay Dessouky" "" #spiir
  spiir-id: "637117347276331745"
  Assets:Checking:Primary  -140.75 DKK
  Expenses:Other            140.75 DKK

2019-12-11 * "Irma Illum" "Dagligvarer" #spiir
  spiir-id: "637117347276331746"
  Assets:Checking:Primary  -60.00 DKK
  Expenses:Food:Groceries   60.00 DKK

2019-12-11 * "Irma Illum" "Dagligvarer" #spiir
  spiir-id: "637117347276331747"
  Assets:Checking:Primary  -53.00 DKK
  Expenses:Food:Groceries   53.00 DKK

2019-12-11 * "KANO OG KAJAK BUTI" "Hobby & sportsudstyr" #spiir
  spiir-id: "637117347276331748"
  Assets:Checking:Primary   -218.10 DKK
  Expenses:Shopping:Sports   218.10 DKK

2019-12-14 * "Til Kærestekonto" "Dagligvarer" #spiir
  spiir-id: "637119950459868970"
  Assets:Checking:Primary  -1000.00 DKK
  Expenses:Food:Groceries   1000.00 DKK

2019-12-14 * "SKAAL CPH\\ \\KOEBENHAVN K \\" "Bar, cafe & restaurant" #spiir
  spiir-id: "637120797664622979"
  Assets:Checking:Primary   -59.00 DKK
  Expenses:Food:Restaurant   59.00 DKK

2019-12-14 * "Audible US*EE1BC81V3\\ \\888-283-5051 \\" "" #spiir
  spiir-id: "637120797664622980"
  Assets:Checking:Primary  -81.08 DKK
  Expenses:Other            81.08 DKK

2019-12-14 * "SKAAL CPH\\ \\KOEBENHAVN K \\" "Bar, cafe & restaurant" #spiir
  spiir-id: "637120797664622981"
  Assets:Checking:Primary   -47.00 DKK
  Expenses:Food:Restaurant   47.00 DKK

2019-12-17 * "WeShare: Julefrokost" "Bar, cafe & restaurant" #spiir
  spiir-id: "637121768131730164"
  Assets:Checking:Primary    43.68 DKK
  Expenses:Food:Restaurant  -43.68 DKK

2019-12-17 * "Audible US*Y08Y08ZI3\\ \\888-283-5051 \\" "" #spiir
  spiir-id: "637121768131730165"
  Assets:Checking:Primary  -117.93 DKK
  Expenses:Other            117.93 DKK

2019-12-18 * "OBI SPORT OUTLET\\ \\KOEBENHAVN S \\" "" #spiir
  spiir-id: "637122673726781410"
  Assets:Checking:Primary  -899.90 DKK
  Expenses:Other            899.90 DKK

2019-12-19 * "THE COFFEE COLLECTIVE AS \\ \\KOEBENHAVN K \\" "Bar, cafe & restaurant" #spiir
  spiir-id: "637123393766181969"
  Assets:Checking:Primary   -40.00 DKK
  Expenses:Food:Restaurant   40.00 DKK

2019-12-19 * "Beta Boulders Copenhagen \\ \\Vanloese\\" "Sport & fritid" #spiir
  spiir-id: "637123393766181970"
  Assets:Checking:Primary        -900.00 DKK
  Expenses:Entertainment:Sports   900.00 DKK

2019-12-19 * "APPLE.COM/BILL\\ \\ITUNES.COM\\" "Online services & software" #spiir
  spiir-id: "637123393766181971"
  Assets:Checking:Primary          -69.00 DKK
  Expenses:Subscriptions:Software   69.00 DKK

2019-12-19 * "MobilePay: Milena Nikolova" "" #spiir
  spiir-id: "637124269385497193"
  Assets:Checking:Primary   399.00 DKK
  Expenses:Other           -399.00 DKK

2019-12-21 * "GAMESTOP 404\\ \\KOEBENHAVN V \\" "Spil & legetøj" #spiir
  spiir-id: "637126944933735297"
  Assets:Checking:Primary  -399.00 DKK
  Expenses:Kids:Toys        399.00 DKK

2019-12-23 * "Krone Apotek" "Apotek & medicin" #spiir
  spiir-id: "637127633738677899"
  Assets:Checking:Primary   -53.35 DKK
  Expenses:Health:Pharmacy   53.35 DKK

2019-12-27 * "Salon Lyck" "Frisør & personlig pleje" #spiir
  spiir-id: "637131113103692045"
  Assets:Checking:Primary          -405.00 DKK
  Expenses:Shopping:Personal-Care   405.00 DKK

2019-12-28 * "MobilePay: Tina Jensen" "" #spiir
  spiir-id: "637131979932965717"
  Assets:Checking:Primary   500.00 DKK
  Expenses:Other           -500.00 DKK

2019-12-28 * "Rejsekort - DSB" "Bus, tog, færge o.l." #spiir
  spiir-id: "637132893669572580"
  Assets:Checking:Primary    -300.00 DKK
  Expenses:Transport:Public   300.00 DKK

2019-12-28 * "EURONICS XXL Mega Company\\ \\Wedel\\" "" #spiir
  spiir-id: "637132893669572581"
  Assets:Checking:Primary  -136.47 DKK
  Expenses:Other            136.47 DKK

2019-12-28 * "REVOLUT**4202*\\ \\REVOLUT.COM \\" "" #spiir
  spiir-id: "637132893669572582"
  Assets:Checking:Primary  -500.00 DKK
  Expenses:Other            500.00 DKK

2019-12-28 * "LØNOVERFØRSEL" "Løn" #spiir
  spiir-id: "637132893669572583"
  Assets:Checking:Primary   25864.33 DKK
  Income:Salary            -25864.33 DKK

2019-12-30 * "Til Kærestekonto" "Dagligvarer" #spiir
  spiir-id: "637133753629147997"
  Assets:Checking:Primary  -2000.00 DKK
  Expenses:Food:Groceries   2000.00 DKK

2019-12-31 * "Gebyrer i alt" "Bankgebyrer" #spiir
  spiir-id: "637134575665844307"
  Assets:Checking:Primary  -90.00 DKK
  Expenses:Bank:Fees        90.00 DKK

2019-12-31 * "Pfa pension" "Pensionsopsparing" #spiir
  spiir-id: "637134575665844308"
  Assets:Checking:Primary  -19303.00 DKK
  Assets:Savings:Pension    19303.00 DKK

2019-12-31 * "HAMBURG HAUPTBAHNHOF KAMP\\ \\HAMBURG\\" "Fastfood & takeaway" #spiir
  spiir-id: "637135650215545582"
  Assets:Checking:Primary  -28.74 DKK
  Expenses:Food:Takeaway    28.74 DKK

2019-12-31 * "LOEBEREN KOEBENHAVN\\ \\KOEBENHAVN K \\" "" #spiir
  spiir-id: "637135650215545583"
  Assets:Checking:Primary  -1150.00 DKK
  Expenses:Other            1150.00 DKK

2019-12-31 * "Hjerteforeningen" "Gaver & velgørenhed" #spiir
  spiir-id: "637135650215545584"
  Assets:Checking:Primary  -50.00 DKK
  Expenses:Gifts            50.00 DKK

2019-12-31 * "Tryg" "Indbo- & familieforsikring" #spiir
  spiir-id: "637135650215545585"
  Assets:Checking:Primary            -830.43 DKK
  Expenses:House:Contents-Insurance   830.43 DKK

2019-12-31 * "Tryg" "Indbo- & familieforsikring" #spiir
  spiir-id: "637135650215545586"
  Assets:Checking:Primary            -61.06 DKK
  Expenses:House:Contents-Insurance   61.06 DKK

2019-12-31 * "Tryg" "Indbo- & familieforsikring" #spiir
  spiir-id: "637135650215545587"
  Assets:Checking:Primary            -111.61 DKK
  Expenses:House:Contents-Insurance   111.61 DKK

2019-12-31 * "Akademikernes A-Kasse" "Fagforening & a-kasse" #spiir
  spiir-id: "637135650215545588"
  Assets:Checking:Primary   -1332.00 DKK
  Expenses:Insurance:Union   1332.00 DKK

2019-12-31 * "3´s Kortbetaling" "Telefoni & internet" #spiir
  spiir-id: "637135650215545589"
  Assets:Checking:Primary         -140.55 DKK
  Expenses:Subscriptions:Telecom   140.55 DKK

