; Spiir import for 2020
; Generated by import_spiir.py

2020-09-21 * "Opening Balance" "" #spiir
  Assets:Checking:Fixed  4830.55 DKK
  Equity:Opening-Balances  -4830.55 DKK

2020-01-01 * "Rente" "Udlånsrenter" #spiir
  spiir-id: "637134575665844306"
  Assets:Checking:Primary  -14.43 DKK
  Expenses:Loans:Interest  14.43 DKK

2020-01-01 * "Rente" "Udlånsrenter" #spiir
  spiir-id: "637361145906653144"
  Assets:Checking:Opsparing  170.10 DKK
  Expenses:Loans:Interest  -170.10 DKK

2020-01-02 * "Faste Fællesudgifter" "Sundheds- & sygeforsikring" #spiir
  spiir-id: "637135650215545578"
  Assets:Checking:Primary  -500.00 DKK
  Expenses:Insurance:Health  500.00 DKK

2020-01-02 * "Kærestekonto" "Dagligvarer" #spiir
  spiir-id: "637135650215545579"
  Assets:Checking:Primary  -2000.00 DKK
  Expenses:Food:Groceries  2000.00 DKK

2020-01-02 * "opsparing" "Anden opsparing" #spiir
  spiir-id: "637135650215545580"
  Assets:Checking:Primary  -5000.00 DKK
  Assets:Savings:Other  5000.00 DKK

2020-01-02 * "Husleje" "Boliglån/husleje" #spiir
  spiir-id: "637135650215545581"
  Assets:Checking:Primary  -5000.00 DKK
  Expenses:House:Mortgage  5000.00 DKK

2020-01-02 * "opsparing" "" #spiir
  spiir-id: "637361145906653143"
  Assets:Checking:Opsparing  5000.00 DKK
  Expenses:Uncategorized  -5000.00 DKK

2020-01-06 * "MobilePay: Ruth madsen" "" #spiir
  spiir-id: "637138911007908355"
  Assets:Checking:Primary  1000.00 DKK
  Expenses:Uncategorized  -1000.00 DKK

2020-01-06 * "Spejder Sport A/S" "Hobby & sportsudstyr" #spiir
  spiir-id: "637139901715302253"
  Assets:Checking:Primary  -202.30 DKK
  Expenses:Shopping:Sports  202.30 DKK

2020-01-06 * "E BILLET A/S" "Biograf, koncerter & forlystelser" #spiir
  spiir-id: "637139901715302254"
  Assets:Checking:Primary  -465.00 DKK
  Expenses:Entertainment:Events  465.00 DKK

2020-01-07 * "RAULAND SERVICESENTER\\ \\RAULAND\\" "" #spiir
  spiir-id: "637139901715302250"
  Assets:Checking:Primary  -64.89 DKK
  Expenses:Uncategorized  64.89 DKK

2020-01-07 * "BEST RJUKAN\\ \\RJUKAN\\" "" #spiir
  spiir-id: "637139901715302251"
  Assets:Checking:Primary  -20.86 DKK
  Expenses:Uncategorized  20.86 DKK

2020-01-07 * "SHELL AAS\\ \\AAS\\" "Brændstof" #spiir
  spiir-id: "637139901715302252"
  Assets:Checking:Primary  -21.63 DKK
  Expenses:Car:Gas  21.63 DKK

2020-01-08 * "BRUS APS\\ \\KOBENHAVN N \\" "Bar, cafe & restaurant" #spiir
  spiir-id: "637140686594442906"
  Assets:Checking:Primary  -195.00 DKK
  Expenses:Food:Restaurant  195.00 DKK

2020-01-09 * "Navneløs Kaffebar" "Bar, cafe & restaurant" #spiir
  spiir-id: "637142457123955356"
  Assets:Checking:Primary  -30.00 DKK
  Expenses:Food:Restaurant  30.00 DKK

2020-01-12 * "OBI Sport OUTLET" "Tøj, sko & accessories" #spiir
  spiir-id: "637145096073457311"
  Assets:Checking:Primary  -259.90 DKK
  Expenses:Shopping:Clothing  259.90 DKK

2020-01-14 * "Beta Boulders Copenhagen \\ \\Vanloese\\" "Bar, cafe & restaurant" #spiir
  spiir-id: "637145920152822440"
  Assets:Checking:Primary  -35.00 DKK
  Expenses:Food:Restaurant  35.00 DKK

2020-01-14 * "RESUNDS SLIK\\ \\KBENHAVN S\\" "Kiosk, bager & specialbutikker" #spiir
  spiir-id: "637145920152822441"
  Assets:Checking:Primary  -81.00 DKK
  Expenses:Food:Kiosk  81.00 DKK

2020-01-14 * "Rejsekort - DSB" "Bus, tog, færge o.l." #spiir
  spiir-id: "637146799877975488"
  Assets:Checking:Primary  -300.00 DKK
  Expenses:Transport:Public  300.00 DKK

2020-01-15 * "Audible US*7I54D2PU3\\ \\888-283-5051 \\" "" #spiir
  spiir-id: "637146799877975487"
  Assets:Checking:Primary  -117.92 DKK
  Expenses:Uncategorized  117.92 DKK

2020-01-16 * "JODIEBRADLE EB\\ \\35314369001 \\" "" #spiir
  spiir-id: "637147582525615340"
  Assets:Checking:Primary  -1471.08 DKK
  Expenses:Uncategorized  1471.08 DKK

2020-01-16 * "PITNEYBOWES EB\\ \\35314369001 \\" "Elektronik & computerudstyr" #spiir
  spiir-id: "637147582525615341"
  Assets:Checking:Primary  -147.94 DKK
  Expenses:Shopping:Electronics  147.94 DKK

2020-01-18 * "Elgiganten 3004" "Spil & legetøj" #spiir
  spiir-id: "637151167929720407"
  Assets:Checking:Primary  -79.95 DKK
  Expenses:Kids:Toys  79.95 DKK

2020-01-18 * "KAF BAR\\ \\KOBENHAVN K \\" "Bar, cafe & restaurant" #spiir
  spiir-id: "637151167929720408"
  Assets:Checking:Primary  -35.00 DKK
  Expenses:Food:Restaurant  35.00 DKK

2020-01-19 * "Salomon Copenhagen" "" #spiir
  spiir-id: "637151167929720406"
  Assets:Checking:Primary  -630.00 DKK
  Expenses:Uncategorized  630.00 DKK

2020-01-20 * "MobilePay: Tina Jensen" "" #spiir
  spiir-id: "637151167929720405"
  Assets:Checking:Primary  1145.00 DKK
  Expenses:Uncategorized  -1145.00 DKK

2020-01-21 * "APPLE.COM/BILL\\ \\ITUNES.COM\\" "Online services & software" #spiir
  spiir-id: "637151928035488090"
  Assets:Checking:Primary  -69.00 DKK
  Expenses:Subscriptions:Software  69.00 DKK

2020-01-22 * "ILLUM" "Tøj, sko & accessories" #spiir
  spiir-id: "637153675379819892"
  Assets:Checking:Primary  -400.00 DKK
  Expenses:Shopping:Clothing  400.00 DKK

2020-01-22 * "Durum Bar" "Bar, cafe & restaurant" #spiir
  spiir-id: "637153675379819893"
  Assets:Checking:Primary  -64.00 DKK
  Expenses:Food:Restaurant  64.00 DKK

2020-01-24 * "INDIEGOGO* PANGEATOWEL\\ \\8666414646\\" "" #spiir
  spiir-id: "637154624065513022"
  Assets:Checking:Primary  -440.69 DKK
  Expenses:Uncategorized  440.69 DKK

2020-01-24 * "Rejsekort - DSB" "Bus, tog, færge o.l." #spiir
  spiir-id: "637155419002768008"
  Assets:Checking:Primary  -300.00 DKK
  Expenses:Transport:Public  300.00 DKK

2020-01-25 * "MobilePay Smileys Kebab" "" #spiir
  spiir-id: "637156298175797128"
  Assets:Checking:Primary  -25.00 DKK
  Expenses:Uncategorized  25.00 DKK

2020-01-25 * "Beta Boulders Cope" "Bar, cafe & restaurant" #spiir
  spiir-id: "637157088697527735"
  Assets:Checking:Primary  -30.00 DKK
  Expenses:Food:Restaurant  30.00 DKK

2020-01-25 * "Beta Boulders Copenhagen \\ \\Vanloese\\" "Sport & fritid" #spiir
  spiir-id: "637157088697527736"
  Assets:Checking:Primary  -148.00 DKK
  Expenses:Entertainment:Sports  148.00 DKK

2020-01-25 * "TEHARRIS EBAY\\ \\35314369001 \\" "" #spiir
  spiir-id: "637157088697527737"
  Assets:Checking:Primary  -4971.17 DKK
  Expenses:Uncategorized  4971.17 DKK

2020-01-27 * "MobilePay: Lee Ann Hollesen" "" #spiir
  spiir-id: "637158035981311681"
  Assets:Checking:Primary  2450.00 DKK
  Expenses:Uncategorized  -2450.00 DKK

2020-01-28 * "TIMBERLAND\\ \\KOBENHAVN\\" "" #spiir
  spiir-id: "637158035981311680"
  Assets:Checking:Primary  -719.40 DKK
  Expenses:Uncategorized  719.40 DKK

2020-01-30 * "ESPRESSO HOUSE 7153\\ \\VANLOESE\\" "Bar, cafe & restaurant" #spiir
  spiir-id: "637159796378414790"
  Assets:Checking:Primary  -55.00 DKK
  Expenses:Food:Restaurant  55.00 DKK

2020-01-31 * "Overført til:" "Pensionsopsparing" #spiir
  spiir-id: "637160781476379100"
  Assets:Checking:Primary  -441.66 DKK
  Assets:Savings:Pension  441.66 DKK

2020-01-31 * "LØNOVERFØRSEL" "Løn" #spiir
  spiir-id: "637160781476379101"
  Assets:Checking:Primary  26859.33 DKK
  Income:Salary  -26859.33 DKK

2020-01-31 * "MobilePay: Toby Moore" "" #spiir
  spiir-id: "637161399714025066"
  Assets:Checking:Primary  139.00 DKK
  Expenses:Uncategorized  -139.00 DKK

2020-01-31 * "3´s Kortbetaling" "Telefoni & internet" #spiir
  spiir-id: "637163104047648900"
  Assets:Checking:Primary  -337.41 DKK
  Expenses:Subscriptions:Telecom  337.41 DKK

2020-02-01 * "WARPIGS BREWPUB" "Bar, cafe & restaurant" #spiir
  spiir-id: "637163104047648891"
  Assets:Checking:Primary  -180.00 DKK
  Expenses:Food:Restaurant  180.00 DKK

2020-02-01 * "Havnens Barbeque" "Bar, cafe & restaurant" #spiir
  spiir-id: "637163104047648892"
  Assets:Checking:Primary  -128.00 DKK
  Expenses:Food:Restaurant  128.00 DKK

2020-02-01 * "7ELEVEN B014\\ \\KOEBENHAVN K \\" "Kiosk, bager & specialbutikker" #spiir
  spiir-id: "637163104047648893"
  Assets:Checking:Primary  -35.95 DKK
  Expenses:Food:Kiosk  35.95 DKK

2020-02-01 * "Tryg" "Indbo- & familieforsikring" #spiir
  spiir-id: "637163104047648894"
  Assets:Checking:Primary  -649.37 DKK
  Expenses:House:Contents-Insurance  649.37 DKK

2020-02-01 * "Tryg" "Indbo- & familieforsikring" #spiir
  spiir-id: "637163104047648895"
  Assets:Checking:Primary  -439.18 DKK
  Expenses:House:Contents-Insurance  439.18 DKK

2020-02-01 * "Hjerteforeningen" "Gaver & velgørenhed" #spiir
  spiir-id: "637163104047648896"
  Assets:Checking:Primary  -50.00 DKK
  Expenses:Gifts  50.00 DKK

2020-02-01 * "Musikforen. Loppen" "Bar, cafe & restaurant" #spiir
  spiir-id: "637163104047648897"
  Assets:Checking:Primary  -86.00 DKK
  Expenses:Food:Restaurant  86.00 DKK

2020-02-01 * "Musikforen. Loppen" "Bar, cafe & restaurant" #spiir
  spiir-id: "637163104047648898"
  Assets:Checking:Primary  -111.00 DKK
  Expenses:Food:Restaurant  111.00 DKK

2020-02-01 * "Musikforen. Loppen" "Bar, cafe & restaurant" #spiir
  spiir-id: "637163104047648899"
  Assets:Checking:Primary  -65.00 DKK
  Expenses:Food:Restaurant  65.00 DKK

2020-02-02 * "Rejsekort - DSB" "Bus, tog, færge o.l." #spiir
  spiir-id: "637163104047648890"
  Assets:Checking:Primary  -300.00 DKK
  Expenses:Transport:Public  300.00 DKK

2020-02-02 * "MobilePay: Lee Ann Hollesen" "" #spiir
  spiir-id: "637163104047648901"
  Assets:Checking:Primary  3000.00 DKK
  Expenses:Uncategorized  -3000.00 DKK

2020-02-02 * "MobilePay Senses - Amagerbro" "" #spiir
  spiir-id: "637163104047648902"
  Assets:Checking:Primary  -25.00 DKK
  Expenses:Uncategorized  25.00 DKK

2020-02-03 * "Faste Fællesudgifter" "Sundheds- & sygeforsikring" #spiir
  spiir-id: "637163104047648886"
  Assets:Checking:Primary  -500.00 DKK
  Expenses:Insurance:Health  500.00 DKK

2020-02-03 * "Kærestekonto" "Dagligvarer" #spiir
  spiir-id: "637163104047648887"
  Assets:Checking:Primary  -2000.00 DKK
  Expenses:Food:Groceries  2000.00 DKK

2020-02-03 * "opsparing" "Anden opsparing" #spiir
  spiir-id: "637163104047648888"
  Assets:Checking:Primary  -5000.00 DKK
  Assets:Savings:Other  5000.00 DKK

2020-02-03 * "Husleje" "Boliglån/husleje" #spiir
  spiir-id: "637163104047648889"
  Assets:Checking:Primary  -5000.00 DKK
  Expenses:House:Mortgage  5000.00 DKK

2020-02-03 * "Eventyrsport A/S" "Tøj, sko & accessories" #spiir
  spiir-id: "637164048004225402"
  Assets:Checking:Primary  -899.00 DKK
  Expenses:Shopping:Clothing  899.00 DKK

2020-02-03 * "japanspecialisten" "Ferieaktiviteter" #spiir
  spiir-id: "637164048004225403"
  Assets:Checking:Primary  -6160.00 DKK
  Expenses:Travel:Activities  6160.00 DKK

2020-02-03 * "Eventyrsport A/S" "Tøj, sko & accessories" #spiir
  spiir-id: "637164048004225404"
  Assets:Checking:Primary  -449.00 DKK
  Expenses:Shopping:Clothing  449.00 DKK

2020-02-03 * "opsparing" "" #spiir
  spiir-id: "637361145906653142"
  Assets:Checking:Opsparing  5000.00 DKK
  Expenses:Uncategorized  -5000.00 DKK

2020-02-04 * "SKAAL CPH\\ \\KOEBENHAVN K \\" "Bar, cafe & restaurant" #spiir
  spiir-id: "637164048004225398"
  Assets:Checking:Primary  -54.00 DKK
  Expenses:Food:Restaurant  54.00 DKK

2020-02-04 * "SKAAL CPH\\ \\KOEBENHAVN K \\" "Bar, cafe & restaurant" #spiir
  spiir-id: "637164048004225399"
  Assets:Checking:Primary  -114.00 DKK
  Expenses:Food:Restaurant  114.00 DKK

2020-02-04 * "SKAAL CPH\\ \\KOEBENHAVN K \\" "Bar, cafe & restaurant" #spiir
  spiir-id: "637164048004225400"
  Assets:Checking:Primary  -44.00 DKK
  Expenses:Food:Restaurant  44.00 DKK

2020-02-04 * "SKAAL CPH\\ \\KOEBENHAVN K \\" "Bar, cafe & restaurant" #spiir
  spiir-id: "637164048004225401"
  Assets:Checking:Primary  -423.00 DKK
  Expenses:Food:Restaurant  423.00 DKK

2020-02-04 * "MobilePay Senses - Amagerbro" "" #spiir
  spiir-id: "637164924687377536"
  Assets:Checking:Primary  -25.00 DKK
  Expenses:Uncategorized  25.00 DKK

2020-02-05 * "TIMBERLAND\\ \\KOBENHAVN\\" "" #spiir
  spiir-id: "637164924687377534"
  Assets:Checking:Primary  -1318.90 DKK
  Expenses:Uncategorized  1318.90 DKK

2020-02-05 * "Ida Ingeniørfore. i Danm" "Fagforening & a-kasse" #spiir
  spiir-id: "637164924687377535"
  Assets:Checking:Primary  -878.25 DKK
  Expenses:Insurance:Union  878.25 DKK

2020-02-06 * "CUB COFFEE BAR\\ \\KOBENHAVN K \\" "Bar, cafe & restaurant" #spiir
  spiir-id: "637165842485952615"
  Assets:Checking:Primary  -77.00 DKK
  Expenses:Food:Restaurant  77.00 DKK

2020-02-06 * "HSO*HSABERGFREUNDE GMBH.7\\ \\72138. DE\\" "" #spiir
  spiir-id: "637165842485952616"
  Assets:Checking:Primary  -758.27 DKK
  Expenses:Uncategorized  758.27 DKK

2020-02-06 * "7-Eleven B014" "Kiosk, bager & specialbutikker" #spiir
  spiir-id: "637166675866233467"
  Assets:Checking:Primary  -15.95 DKK
  Expenses:Food:Kiosk  15.95 DKK

2020-02-07 * "AMZNMktplace\\ \\amazon.co.uk \\" "" #spiir
  spiir-id: "637166675866233465"
  Assets:Checking:Primary  -187.85 DKK
  Expenses:Uncategorized  187.85 DKK

2020-02-07 * "CUB COFFEE BAR\\ \\KOBENHAVN K \\" "Bar, cafe & restaurant" #spiir
  spiir-id: "637166675866233466"
  Assets:Checking:Primary  -109.00 DKK
  Expenses:Food:Restaurant  109.00 DKK

2020-02-07 * "Durum Bar" "Bar, cafe & restaurant" #spiir
  spiir-id: "637167500284402856"
  Assets:Checking:Primary  -128.00 DKK
  Expenses:Food:Restaurant  128.00 DKK

2020-02-08 * "Vores Kaffebar ApS" "Bar, cafe & restaurant" #spiir
  spiir-id: "637169192812752994"
  Assets:Checking:Primary  -33.00 DKK
  Expenses:Food:Restaurant  33.00 DKK

2020-02-09 * "MobilePay Dan Meakin" "" #spiir
  spiir-id: "637169192812752995"
  Assets:Checking:Primary  -115.00 DKK
  Expenses:Uncategorized  115.00 DKK

2020-02-10 * "POLITIKEN" "Film, musik & læsestof" #spiir
  spiir-id: "637170016757648484"
  Assets:Checking:Primary  -1.00 DKK
  Expenses:Entertainment:Media  1.00 DKK

2020-02-11 * "SKAAL CPH\\ \\KOEBENHAVN K \\" "Bar, cafe & restaurant" #spiir
  spiir-id: "637170016757648481"
  Assets:Checking:Primary  -52.00 DKK
  Expenses:Food:Restaurant  52.00 DKK

2020-02-11 * "SKAAL CPH\\ \\KOEBENHAVN K \\" "Bar, cafe & restaurant" #spiir
  spiir-id: "637170016757648482"
  Assets:Checking:Primary  -44.00 DKK
  Expenses:Food:Restaurant  44.00 DKK

2020-02-11 * "SKAAL CPH\\ \\KOEBENHAVN K \\" "Bar, cafe & restaurant" #spiir
  spiir-id: "637170016757648483"
  Assets:Checking:Primary  -47.00 DKK
  Expenses:Food:Restaurant  47.00 DKK

2020-02-11 * "DSB NETBUTIK" "Bus, tog, færge o.l." #spiir
  spiir-id: "637170924261253499"
  Assets:Checking:Primary  -259.00 DKK
  Expenses:Transport:Public  259.00 DKK

2020-02-11 * "7-Eleven B014" "Kiosk, bager & specialbutikker" #spiir
  spiir-id: "637170924261253500"
  Assets:Checking:Primary  -15.95 DKK
  Expenses:Food:Kiosk  15.95 DKK

2020-02-12 * "HSO*Bergfreunde GmbH\\ \\Kirchentellin\\" "" #spiir
  spiir-id: "637170924261253498"
  Assets:Checking:Primary  -682.33 DKK
  Expenses:Uncategorized  682.33 DKK

2020-02-12 * "LILLE ITALIA" "Fastfood & takeaway" #spiir
  spiir-id: "637171848858818951"
  Assets:Checking:Primary  -180.00 DKK
  Expenses:Food:Takeaway  180.00 DKK

2020-02-12 * "Føtex Prinsessegad" "Dagligvarer" #spiir
  spiir-id: "637171848858818952"
  Assets:Checking:Primary  -79.95 DKK
  Expenses:Food:Groceries  79.95 DKK

2020-02-12 * "Føtex Prinsessegad" "Dagligvarer" #spiir
  spiir-id: "637171848858818953"
  Assets:Checking:Primary  -200.30 DKK
  Expenses:Food:Groceries  200.30 DKK

2020-02-12 * "Provianten" "Dagligvarer" #spiir
  spiir-id: "637171848858818954"
  Assets:Checking:Primary  -39.90 DKK
  Expenses:Food:Groceries  39.90 DKK

2020-02-12 * "Den Gyldne Ovn Fre" "Fastfood & takeaway" #spiir
  spiir-id: "637171848858818955"
  Assets:Checking:Primary  -14.00 DKK
  Expenses:Food:Takeaway  14.00 DKK

2020-02-12 * "Netto Fredericia V" "Dagligvarer" #spiir
  spiir-id: "637171848858818956"
  Assets:Checking:Primary  -35.90 DKK
  Expenses:Food:Groceries  35.90 DKK

2020-02-13 * "MobilePay DSB app" "" #spiir
  spiir-id: "637172756000682988"
  Assets:Checking:Primary  -344.00 DKK
  Expenses:Uncategorized  344.00 DKK

2020-02-13 * "Føtex Prinsessegad" "Dagligvarer" #spiir
  spiir-id: "637172756000682989"
  Assets:Checking:Primary  -39.85 DKK
  Expenses:Food:Groceries  39.85 DKK

2020-02-13 * "Føtex Prinsessegad" "Dagligvarer" #spiir
  spiir-id: "637172756000682990"
  Assets:Checking:Primary  -2.90 DKK
  Expenses:Food:Groceries  2.90 DKK

2020-02-13 * "Dunkin Donuts HGB" "Kiosk, bager & specialbutikker" #spiir
  spiir-id: "637172756000682991"
  Assets:Checking:Primary  -19.00 DKK
  Expenses:Food:Kiosk  19.00 DKK

2020-02-13 * "Espresso House7147" "Bar, cafe & restaurant" #spiir
  spiir-id: "637172756000682992"
  Assets:Checking:Primary  -43.00 DKK
  Expenses:Food:Restaurant  43.00 DKK

2020-02-14 * "GULDBAGEREN" "Kiosk, bager & specialbutikker" #spiir
  spiir-id: "637173612617328567"
  Assets:Checking:Primary  -22.00 DKK
  Expenses:Food:Kiosk  22.00 DKK

2020-02-15 * "MobilePay Smileys Kebab" "" #spiir
  spiir-id: "637174366102981629"
  Assets:Checking:Primary  -25.00 DKK
  Expenses:Uncategorized  25.00 DKK

2020-02-15 * "7-Eleven B027" "Kiosk, bager & specialbutikker" #spiir
  spiir-id: "637175232424832688"
  Assets:Checking:Primary  -158.85 DKK
  Expenses:Food:Kiosk  158.85 DKK

2020-02-15 * "Audible*WI6KK4HH3\\ \\Amzn.com/bill\\" "TV & streaming" #spiir
  spiir-id: "637175232424832689"
  Assets:Checking:Primary  -120.93 DKK
  Expenses:Subscriptions:Streaming  120.93 DKK

2020-02-16 * "MobilePay Senses - Amagerbro" "" #spiir
  spiir-id: "637175232424832690"
  Assets:Checking:Primary  -20.00 DKK
  Expenses:Uncategorized  20.00 DKK

2020-02-18 * "KAF BAR\\ \\KOBENHAVN K \\" "Bar, cafe & restaurant" #spiir
  spiir-id: "637176130595470165"
  Assets:Checking:Primary  -35.00 DKK
  Expenses:Food:Restaurant  35.00 DKK

2020-02-18 * "TIMBERLAND\\ \\KOBENHAVN\\" "" #spiir
  spiir-id: "637176130595470166"
  Assets:Checking:Primary  599.50 DKK
  Expenses:Uncategorized  -599.50 DKK

2020-02-18 * "TIMBERLAND\\ \\KOBENHAVN\\" "" #spiir
  spiir-id: "637176130595470167"
  Assets:Checking:Primary  719.40 DKK
  Expenses:Uncategorized  -719.40 DKK

2020-02-18 * "Cub Coffee Bar\\ \\Kobenhavn K \\" "Bar, cafe & restaurant" #spiir
  spiir-id: "637176130595470168"
  Assets:Checking:Primary  -37.00 DKK
  Expenses:Food:Restaurant  37.00 DKK

2020-02-18 * "expenses dreamdata" "" #spiir
  spiir-id: "637176130595470169"
  Assets:Checking:Primary  190.75 DKK
  Expenses:Uncategorized  -190.75 DKK

2020-02-18 * "loebeshop.dk" "Hobby & sportsudstyr" #spiir
  spiir-id: "637176980672610115"
  Assets:Checking:Primary  869.00 DKK
  Expenses:Shopping:Sports  -869.00 DKK

2020-02-19 * "APPLE.COM/BILL\\ \\ITUNES.COM\\" "Online services & software" #spiir
  spiir-id: "637176980672610113"
  Assets:Checking:Primary  -69.00 DKK
  Expenses:Subscriptions:Software  69.00 DKK

2020-02-19 * "Mexican Ranger ApS" "Fastfood & takeaway" #spiir
  spiir-id: "637176980672610114"
  Assets:Checking:Primary  -75.00 DKK
  Expenses:Food:Takeaway  75.00 DKK

2020-02-19 * "MobilePay Senses - Amagerbro" "" #spiir
  spiir-id: "637177847581678996"
  Assets:Checking:Primary  -25.00 DKK
  Expenses:Uncategorized  25.00 DKK

2020-02-19 * "7-Eleven B014" "Kiosk, bager & specialbutikker" #spiir
  spiir-id: "637177847581678997"
  Assets:Checking:Primary  -30.95 DKK
  Expenses:Food:Kiosk  30.95 DKK

2020-02-20 * "OLBAREN\\ \\KOBENHAVN\\" "Bar, cafe & restaurant" #spiir
  spiir-id: "637177847581678990"
  Assets:Checking:Primary  -40.00 DKK
  Expenses:Food:Restaurant  40.00 DKK

2020-02-20 * "TMM VENDERSGAD\\ \\KOBENHAVN N \\" "Bar, cafe & restaurant" #spiir
  spiir-id: "637177847581678991"
  Assets:Checking:Primary  -55.00 DKK
  Expenses:Food:Restaurant  55.00 DKK

2020-02-20 * "MEXICAN RANGER APS\\ \\KOEBENHAVN N \\" "" #spiir
  spiir-id: "637177847581678992"
  Assets:Checking:Primary  -124.23 DKK
  Expenses:Uncategorized  124.23 DKK

2020-02-20 * "TMM VENDERSGAD\\ \\KOBENHAVN N \\" "Bar, cafe & restaurant" #spiir
  spiir-id: "637177847581678993"
  Assets:Checking:Primary  -75.00 DKK
  Expenses:Food:Restaurant  75.00 DKK

2020-02-20 * "TMM VENDERSGAD\\ \\KOBENHAVN N \\" "Bar, cafe & restaurant" #spiir
  spiir-id: "637177847581678994"
  Assets:Checking:Primary  -45.00 DKK
  Expenses:Food:Restaurant  45.00 DKK

2020-02-20 * "OLBAREN\\ \\KOBENHAVN\\" "Bar, cafe & restaurant" #spiir
  spiir-id: "637177847581678995"
  Assets:Checking:Primary  -50.00 DKK
  Expenses:Food:Restaurant  50.00 DKK

2020-02-21 * "Audible*V35BY7YX3\\ \\Amzn.com/bill\\" "TV & streaming" #spiir
  spiir-id: "637178661624394448"
  Assets:Checking:Primary  -253.53 DKK
  Expenses:Subscriptions:Streaming  253.53 DKK

2020-02-21 * "WH-Smith T2 Pier B" "Ferieaktiviteter" #spiir
  spiir-id: "637179524477406328"
  Assets:Checking:Primary  -49.95 DKK
  Expenses:Travel:Activities  49.95 DKK

2020-02-22 * "HSO*HSABERGFREUNDE GMBH72\\ \\72138. DE\\" "" #spiir
  spiir-id: "637181308438259810"
  Assets:Checking:Primary  682.01 DKK
  Expenses:Uncategorized  -682.01 DKK

2020-02-22 * "HMS Host International\\ \\Amsterdam\\" "Ferieaktiviteter" #spiir
  spiir-id: "637181308438259811"
  Assets:Checking:Primary  -31.84 DKK
  Expenses:Travel:Activities  31.84 DKK

2020-02-22 * "Capi Lounge 1\\ \\AV Schiphol A\\" "" #spiir
  spiir-id: "637181308438259812"
  Assets:Checking:Primary  -98.18 DKK
  Expenses:Uncategorized  98.18 DKK

2020-02-25 * "REVOLUT*\\ \\REVOLUT.COM \\" "" #spiir
  spiir-id: "637182233789708942"
  Assets:Checking:Primary  -4000.00 DKK
  Expenses:Uncategorized  4000.00 DKK

2020-02-26 * "TULLY'S COFFEE\\ \\TOKYO\\" "" #spiir
  spiir-id: "637183120984000642"
  Assets:Checking:Primary  -23.45 DKK
  Expenses:Uncategorized  23.45 DKK

2020-02-26 * "MONBERU HIROSHIMAKAMIYACH\\ \\HIROSHIMA\\" "" #spiir
  spiir-id: "637183120984000643"
  Assets:Checking:Primary  -343.04 DKK
  Expenses:Uncategorized  343.04 DKK

2020-02-26 * "ATM UDBET VISA UDL" "Kontanthævning & check" #spiir
  spiir-id: "637184913673053763"
  Assets:Checking:Primary  -30.00 DKK
  Expenses:Cash  30.00 DKK

2020-02-27 * "KAGAWA-GUN\\ \\KAGAWA\\" "" #spiir
  spiir-id: "637183989414977804"
  Assets:Checking:Primary  -1294.78 DKK
  Expenses:Uncategorized  1294.78 DKK

2020-02-28 * "Overført til:" "Pensionsopsparing" #spiir
  spiir-id: "637184913673053761"
  Assets:Checking:Primary  -441.66 DKK
  Assets:Savings:Pension  441.66 DKK

2020-02-28 * "LØNOVERFØRSEL" "Løn" #spiir
  spiir-id: "637184913673053762"
  Assets:Checking:Primary  18582.33 DKK
  Income:Salary  -18582.33 DKK

2020-02-28 * "3´s Kortbetaling" "Telefoni & internet" #spiir
  spiir-id: "637187352984871216"
  Assets:Checking:Primary  -203.54 DKK
  Expenses:Subscriptions:Telecom  203.54 DKK

2020-02-29 * "AIRBNB * HMWQR8R3FH\\ \\415-800-5959 \\" "Fly & Hotel" #spiir
  spiir-id: "637187352984871214"
  Assets:Checking:Primary  -219.57 DKK
  Expenses:Travel:Transport  219.57 DKK

2020-02-29 * "Hjerteforeningen" "Gaver & velgørenhed" #spiir
  spiir-id: "637187352984871215"
  Assets:Checking:Primary  -50.00 DKK
  Expenses:Gifts  50.00 DKK

2020-03-02 * "Kærestekonto" "Dagligvarer" #spiir
  spiir-id: "637187352984871210"
  Assets:Checking:Primary  -2000.00 DKK
  Expenses:Food:Groceries  2000.00 DKK

2020-03-02 * "opsparing" "Anden opsparing" #spiir
  spiir-id: "637187352984871211"
  Assets:Checking:Primary  -5000.00 DKK
  Assets:Savings:Other  5000.00 DKK

2020-03-02 * "Faste Fællesudgifter" "Sundheds- & sygeforsikring" #spiir
  spiir-id: "637187352984871212"
  Assets:Checking:Primary  -500.00 DKK
  Expenses:Insurance:Health  500.00 DKK

2020-03-02 * "Husleje" "Boliglån/husleje" #spiir
  spiir-id: "637187352984871213"
  Assets:Checking:Primary  -5000.00 DKK
  Expenses:House:Mortgage  5000.00 DKK

2020-03-02 * "opsparing" "" #spiir
  spiir-id: "637361145906653141"
  Assets:Checking:Opsparing  5000.00 DKK
  Expenses:Uncategorized  -5000.00 DKK

2020-03-03 * "ROTSUJI KYOTOTEN\\ \\KYOTO\\" "" #spiir
  spiir-id: "637188216200102333"
  Assets:Checking:Primary  -178.14 DKK
  Expenses:Uncategorized  178.14 DKK

2020-03-03 * "LADER*CO\\ \\SHIBUYA-KU\\" "" #spiir
  spiir-id: "637188216200102334"
  Assets:Checking:Primary  -167.45 DKK
  Expenses:Uncategorized  167.45 DKK

2020-03-03 * "Rejsekort - DSB" "Bus, tog, færge o.l." #spiir
  spiir-id: "637189196464883985"
  Assets:Checking:Primary  -300.00 DKK
  Expenses:Transport:Public  300.00 DKK

2020-03-04 * "MONBERU KYOTOTEN\\ \\KYOTO\\" "Ferieaktiviteter" #spiir
  spiir-id: "637189196464883984"
  Assets:Checking:Primary  -121.81 DKK
  Expenses:Travel:Activities  121.81 DKK

2020-03-06 * "SHIBUYA LOFT\\ \\SIBUYAKU\\" "Ferieaktiviteter" #spiir
  spiir-id: "637190810840681940"
  Assets:Checking:Primary  -603.32 DKK
  Expenses:Travel:Activities  603.32 DKK

2020-03-06 * "KAWABATATAKISABUROUSHOUTE\\ \\KYOTO\\" "Ferieaktiviteter" #spiir
  spiir-id: "637190810840681941"
  Assets:Checking:Primary  -26.82 DKK
  Expenses:Travel:Activities  26.82 DKK

2020-03-06 * "SHIBUYA LOFT\\ \\SIBUYAKU\\" "Ferieaktiviteter" #spiir
  spiir-id: "637190810840681942"
  Assets:Checking:Primary  -106.10 DKK
  Expenses:Travel:Activities  106.10 DKK

2020-03-06 * "MEGADON QUIJOTE SHIBUYA \\ \\TOKYO\\" "Ferieaktiviteter" #spiir
  spiir-id: "637190810840681943"
  Assets:Checking:Primary  -520.36 DKK
  Expenses:Travel:Activities  520.36 DKK

2020-03-07 * "Til Kærestekonto" "Dagligvarer" #spiir
  spiir-id: "637192615162619931"
  Assets:Checking:Primary  -2000.00 DKK
  Expenses:Food:Groceries  2000.00 DKK

2020-03-07 * "RAKUTENPAY KAITORIMAXAKIB\\ \\TOKYO\\" "Ferieaktiviteter" #spiir
  spiir-id: "637193575753823112"
  Assets:Checking:Primary  -97.05 DKK
  Expenses:Travel:Activities  97.05 DKK

2020-03-07 * "SQ*FUGLEN ASAKUSA\\ \\TOKYO\\" "Ferieaktiviteter" #spiir
  spiir-id: "637193575753823113"
  Assets:Checking:Primary  -37.53 DKK
  Expenses:Travel:Activities  37.53 DKK

2020-03-07 * "STARBUCKS COFFEE JAPAN\\ \\TOKYO\\" "Bar, cafe & restaurant" #spiir
  spiir-id: "637193575753823114"
  Assets:Checking:Primary  -30.02 DKK
  Expenses:Food:Restaurant  30.02 DKK

2020-03-07 * "RAKUTENPAY IIDA\\ \\TOKYO\\" "Ferieaktiviteter" #spiir
  spiir-id: "637193575753823115"
  Assets:Checking:Primary  -69.75 DKK
  Expenses:Travel:Activities  69.75 DKK

2020-03-09 * "MobilePay Dessouky" "" #spiir
  spiir-id: "637193575753823111"
  Assets:Checking:Primary  -90.00 DKK
  Expenses:Uncategorized  90.00 DKK

2020-03-10 * "7-Eleven B014" "Kiosk, bager & specialbutikker" #spiir
  spiir-id: "637194383446955419"
  Assets:Checking:Primary  -15.95 DKK
  Expenses:Food:Kiosk  15.95 DKK

2020-03-10 * "CUB COFFEE BAR\\ \\KOBENHAVN K \\" "Bar, cafe & restaurant" #spiir
  spiir-id: "637194383446955420"
  Assets:Checking:Primary  -64.00 DKK
  Expenses:Food:Restaurant  64.00 DKK

2020-03-10 * "NARITA AIRPORT TERMINAL \\ \\CHIBA\\" "Ferieaktiviteter" #spiir
  spiir-id: "637194383446955421"
  Assets:Checking:Primary  -99.71 DKK
  Expenses:Travel:Activities  99.71 DKK

2020-03-10 * "FAMILYMART\\ \\TOKYO\\" "Ferieaktiviteter" #spiir
  spiir-id: "637194383446955422"
  Assets:Checking:Primary  -48.16 DKK
  Expenses:Travel:Activities  48.16 DKK

2020-03-10 * "ONIBUS COFFEE\\ \\TOKYO\\" "Ferieaktiviteter" #spiir
  spiir-id: "637194383446955423"
  Assets:Checking:Primary  -33.02 DKK
  Expenses:Travel:Activities  33.02 DKK

2020-03-10 * "ONIBUS COFFEE\\ \\TOKYO\\" "Ferieaktiviteter" #spiir
  spiir-id: "637194383446955424"
  Assets:Checking:Primary  -67.33 DKK
  Expenses:Travel:Activities  67.33 DKK

2020-03-11 * "HIMMERIGET\\ \\FREDERIKSBERG\\" "Tobak & alkohol" #spiir
  spiir-id: "637195170631735609"
  Assets:Checking:Primary  -155.00 DKK
  Expenses:Food:Alcohol  155.00 DKK

2020-03-13 * "SP * LOPREM\\ \\WILDESHAUSEN \\" "" #spiir
  spiir-id: "637196903419286094"
  Assets:Checking:Primary  -270.78 DKK
  Expenses:Uncategorized  270.78 DKK

2020-03-15 * "Blue Raven" "Bar, cafe & restaurant" #spiir
  spiir-id: "637199415222311096"
  Assets:Checking:Primary  -84.00 DKK
  Expenses:Food:Restaurant  84.00 DKK

2020-03-15 * "MobilePay: Elisabeth Meldgaard" "" #spiir
  spiir-id: "637199415222311097"
  Assets:Checking:Primary  31.00 DKK
  Expenses:Uncategorized  -31.00 DKK

2020-03-15 * "MobilePay Elisabeth Meldgaard" "" #spiir
  spiir-id: "637199415222311098"
  Assets:Checking:Primary  -60.00 DKK
  Expenses:Uncategorized  60.00 DKK

2020-03-15 * "MobilePay Rema 1000" "" #spiir
  spiir-id: "637199415222311099"
  Assets:Checking:Primary  201.05 DKK
  Expenses:Uncategorized  -201.05 DKK

2020-03-15 * "MobilePay REMA1000 - Øresundsvej, København S" "" #spiir
  spiir-id: "637199415222311100"
  Assets:Checking:Primary  -141.05 DKK
  Expenses:Uncategorized  141.05 DKK

2020-03-15 * "Til Kærestekonto" "Dagligvarer" #spiir
  spiir-id: "637199415222311101"
  Assets:Checking:Primary  -500.00 DKK
  Expenses:Food:Groceries  500.00 DKK

2020-03-16 * "MobilePay Hanne Hemcker" "" #spiir
  spiir-id: "637200286302817280"
  Assets:Checking:Primary  -34.00 DKK
  Expenses:Uncategorized  34.00 DKK

2020-03-16 * "MobilePay Rema 1000" "" #spiir
  spiir-id: "637200286302817281"
  Assets:Checking:Primary  164.79 DKK
  Expenses:Uncategorized  -164.79 DKK

2020-03-16 * "Tryg online skadeers" "Anden indkomst" #spiir
  spiir-id: "637200286302817282"
  Assets:Checking:Primary  4488.08 DKK
  Income:Other  -4488.08 DKK

2020-03-17 * "CUB COFFEE BAR\\ \\KOBENHAVN K \\" "Bar, cafe & restaurant" #spiir
  spiir-id: "637200286302817276"
  Assets:Checking:Primary  -64.00 DKK
  Expenses:Food:Restaurant  64.00 DKK

2020-03-17 * "CUB COFFEE BAR\\ \\KOBENHAVN K \\" "Bar, cafe & restaurant" #spiir
  spiir-id: "637200286302817277"
  Assets:Checking:Primary  -77.00 DKK
  Expenses:Food:Restaurant  77.00 DKK

2020-03-17 * "Audible*FU0Q38DS3\\ \\Amzn.com/bill\\" "TV & streaming" #spiir
  spiir-id: "637200286302817278"
  Assets:Checking:Primary  -118.56 DKK
  Expenses:Subscriptions:Streaming  118.56 DKK

2020-03-17 * "ALDI 064\\ \\KOEBENHAVN S \\" "Dagligvarer" #spiir
  spiir-id: "637200286302817279"
  Assets:Checking:Primary  -58.40 DKK
  Expenses:Food:Groceries  58.40 DKK

2020-03-17 * "MobilePay Jan Dalsgaard" "" #spiir
  spiir-id: "637201169769716733"
  Assets:Checking:Primary  -700.00 DKK
  Expenses:Uncategorized  700.00 DKK

2020-03-17 * "MobilePay Noy Rotbart" "" #spiir
  spiir-id: "637201169769716734"
  Assets:Checking:Primary  -80.00 DKK
  Expenses:Uncategorized  80.00 DKK

2020-03-17 * "MobilePay Rema 1000" "Dagligvarer" #spiir
  spiir-id: "637201169769716735"
  Assets:Checking:Primary  102.45 DKK
  Expenses:Food:Groceries  -102.45 DKK

2020-03-17 * "MobilePay REMA1000 - Øresundsvej, København S" "" #spiir
  spiir-id: "637201169769716736"
  Assets:Checking:Primary  -68.45 DKK
  Expenses:Uncategorized  68.45 DKK

2020-03-18 * "REMA 1000 KBH KASTRUPVEJ \\ \\KOEBENHAVN S \\" "Dagligvarer" #spiir
  spiir-id: "637201169769716732"
  Assets:Checking:Primary  -130.79 DKK
  Expenses:Food:Groceries  130.79 DKK

2020-03-19 * "Ama'r Cykelservice" "Anden transport" #spiir
  spiir-id: "637202891197902226"
  Assets:Checking:Primary  -1000.00 DKK
  Expenses:Transport:Other  1000.00 DKK

2020-03-19 * "Vietnams Supermark" "Dagligvarer" #spiir
  spiir-id: "637202891197902227"
  Assets:Checking:Primary  -127.00 DKK
  Expenses:Food:Groceries  127.00 DKK

2020-03-20 * "CUB COFFEE BAR\\ \\KOBENHAVN K \\" "Bar, cafe & restaurant" #spiir
  spiir-id: "637202891197902224"
  Assets:Checking:Primary  -37.00 DKK
  Expenses:Food:Restaurant  37.00 DKK

2020-03-20 * "DISPENSAY WHISKY AND BEER\\ \\KBENHAVN N\\" "Bar, cafe & restaurant" #spiir
  spiir-id: "637202891197902225"
  Assets:Checking:Primary  -160.00 DKK
  Expenses:Food:Restaurant  160.00 DKK

2020-03-20 * "Blue Raven" "Bar, cafe & restaurant" #spiir
  spiir-id: "637203769981682012"
  Assets:Checking:Primary  -100.00 DKK
  Expenses:Food:Restaurant  100.00 DKK

2020-03-21 * "APPLE.COM/BILL\\ \\80249625\\" "Online services & software" #spiir
  spiir-id: "637205726257463576"
  Assets:Checking:Primary  -69.00 DKK
  Expenses:Subscriptions:Software  69.00 DKK

2020-03-21 * "CUB COFFEE BAR\\ \\KOBENHAVN K \\" "Bar, cafe & restaurant" #spiir
  spiir-id: "637205726257463577"
  Assets:Checking:Primary  -64.00 DKK
  Expenses:Food:Restaurant  64.00 DKK

2020-03-21 * "Rejsekort - DSB" "Bus, tog, færge o.l." #spiir
  spiir-id: "637205726257463578"
  Assets:Checking:Primary  -300.00 DKK
  Expenses:Transport:Public  300.00 DKK

2020-03-22 * "Til Kærestekonto" "Dagligvarer" #spiir
  spiir-id: "637205726257463579"
  Assets:Checking:Primary  -500.00 DKK
  Expenses:Food:Groceries  500.00 DKK

2020-03-24 * "CUB COFFEE BAR\\ \\KOBENHAVN K \\" "Bar, cafe & restaurant" #spiir
  spiir-id: "637206326278679987"
  Assets:Checking:Primary  -200.00 DKK
  Expenses:Food:Restaurant  200.00 DKK

2020-03-24 * "HALALSLAGTER IS\\ \\KBENHAVN S\\" "" #spiir
  spiir-id: "637206326278679988"
  Assets:Checking:Primary  -72.00 DKK
  Expenses:Uncategorized  72.00 DKK

2020-03-25 * "Blue Raven" "Bar, cafe & restaurant" #spiir
  spiir-id: "637208461899981728"
  Assets:Checking:Primary  -100.00 DKK
  Expenses:Food:Restaurant  100.00 DKK

2020-03-26 * "CUB COFFEE BAR\\ \\KOBENHAVN K \\" "Bar, cafe & restaurant" #spiir
  spiir-id: "637208461899981727"
  Assets:Checking:Primary  -77.00 DKK
  Expenses:Food:Restaurant  77.00 DKK

2020-03-28 * "Aldi 064" "Dagligvarer" #spiir
  spiir-id: "637211439904886645"
  Assets:Checking:Primary  -18.45 DKK
  Expenses:Food:Groceries  18.45 DKK

2020-03-28 * "Blue Raven" "Bar, cafe & restaurant" #spiir
  spiir-id: "637211439904886646"
  Assets:Checking:Primary  -55.00 DKK
  Expenses:Food:Restaurant  55.00 DKK

2020-03-29 * "Irma Greve Strandv" "Dagligvarer" #spiir
  spiir-id: "637211439904886644"
  Assets:Checking:Primary  -45.95 DKK
  Expenses:Food:Groceries  45.95 DKK

2020-03-29 * "MobilePay Dan Meakin" "" #spiir
  spiir-id: "637211439904886647"
  Assets:Checking:Primary  -137.49 DKK
  Expenses:Uncategorized  137.49 DKK

2020-03-30 * "Netto Jerismosevej" "Dagligvarer" #spiir
  spiir-id: "637212430262967430"
  Assets:Checking:Primary  -46.45 DKK
  Expenses:Food:Groceries  46.45 DKK

2020-03-30 * "REMA 1000 Greve" "Dagligvarer" #spiir
  spiir-id: "637212430262967431"
  Assets:Checking:Primary  -46.20 DKK
  Expenses:Food:Groceries  46.20 DKK

2020-03-31 * "NETTO JERISMOSEVEJ\\ \\GREVE\\" "Dagligvarer" #spiir
  spiir-id: "637212430262967426"
  Assets:Checking:Primary  -115.90 DKK
  Expenses:Food:Groceries  115.90 DKK

2020-03-31 * "BLUE RAVEN\\ \\KOEBENHAVN S \\" "Tobak & alkohol" #spiir
  spiir-id: "637212430262967427"
  Assets:Checking:Primary  -120.00 DKK
  Expenses:Food:Alcohol  120.00 DKK

2020-03-31 * "Overført til:" "Pensionsopsparing" #spiir
  spiir-id: "637212430262967428"
  Assets:Checking:Primary  -441.66 DKK
  Assets:Savings:Pension  441.66 DKK

2020-03-31 * "LØNOVERFØRSEL" "Løn" #spiir
  spiir-id: "637212430262967429"
  Assets:Checking:Primary  22129.33 DKK
  Income:Salary  -22129.33 DKK

2020-03-31 * "3´s Kortbetaling" "Telefoni & internet" #spiir
  spiir-id: "637213169360969525"
  Assets:Checking:Primary  -1152.40 DKK
  Expenses:Subscriptions:Telecom  1152.40 DKK

2020-04-01 * "VISION DIRECT BV\\ \\AMSTERDAM\\" "Briller & kontaktlinser" #spiir
  spiir-id: "637213169360969518"
  Assets:Checking:Primary  -1065.87 DKK
  Expenses:Health:Vision  1065.87 DKK

2020-04-01 * "Hjerteforeningen" "Gaver & velgørenhed" #spiir
  spiir-id: "637213169360969519"
  Assets:Checking:Primary  -50.00 DKK
  Expenses:Gifts  50.00 DKK

2020-04-01 * "Akademikernes A-Kasse" "Fagforening & a-kasse" #spiir
  spiir-id: "637213169360969520"
  Assets:Checking:Primary  -1332.00 DKK
  Expenses:Insurance:Union  1332.00 DKK

2020-04-01 * "Kærestekonto" "Dagligvarer" #spiir
  spiir-id: "637213169360969521"
  Assets:Checking:Primary  -2000.00 DKK
  Expenses:Food:Groceries  2000.00 DKK

2020-04-01 * "opsparing" "Anden opsparing" #spiir
  spiir-id: "637213169360969522"
  Assets:Checking:Primary  -5000.00 DKK
  Assets:Savings:Other  5000.00 DKK

2020-04-01 * "Faste Fællesudgifter" "Sundheds- & sygeforsikring" #spiir
  spiir-id: "637213169360969523"
  Assets:Checking:Primary  -500.00 DKK
  Expenses:Insurance:Health  500.00 DKK

2020-04-01 * "Husleje" "Boliglån/husleje" #spiir
  spiir-id: "637213169360969524"
  Assets:Checking:Primary  -5000.00 DKK
  Expenses:House:Mortgage  5000.00 DKK

2020-04-01 * "opsparing" "" #spiir
  spiir-id: "637361145906653140"
  Assets:Checking:Opsparing  5000.00 DKK
  Expenses:Uncategorized  -5000.00 DKK

2020-04-03 * "OVERSKYDENDE SKAT" "Overskydende skat" #spiir
  spiir-id: "637215071493722918"
  Assets:Checking:Primary  5753.00 DKK
  Income:Tax:Refund  -5753.00 DKK

2020-04-03 * "Blue Raven" "Bar, cafe & restaurant" #spiir
  spiir-id: "637215924901510857"
  Assets:Checking:Primary  -120.00 DKK
  Expenses:Food:Restaurant  120.00 DKK

2020-04-04 * "CUB COFFEE BAR\\ \\KOBENHAVN K \\" "Bar, cafe & restaurant" #spiir
  spiir-id: "637217673469108860"
  Assets:Checking:Primary  -64.00 DKK
  Expenses:Food:Restaurant  64.00 DKK

2020-04-08 * "Kvickly Køge" "Dagligvarer" #spiir
  spiir-id: "637220114440035990"
  Assets:Checking:Primary  -79.95 DKK
  Expenses:Food:Groceries  79.95 DKK

2020-04-11 * "madbillet.dk" "Bar, cafe & restaurant" #spiir
  spiir-id: "637224445764974319"
  Assets:Checking:Primary  -1100.00 DKK
  Expenses:Food:Restaurant  1100.00 DKK

2020-04-15 * "NOTION LABS INC\\ \\HTTPSWWW.NOTI\\" "" #spiir
  spiir-id: "637225274797002912"
  Assets:Checking:Primary  -153.47 DKK
  Expenses:Uncategorized  153.47 DKK

2020-04-15 * "CAFE MOCCA\\ \\PRST\\" "Bar, cafe & restaurant" #spiir
  spiir-id: "637225274797002913"
  Assets:Checking:Primary  -25.00 DKK
  Expenses:Food:Restaurant  25.00 DKK

2020-04-15 * "Audible*CR4B08933\\ \\Amzn.com/bill\\" "TV & streaming" #spiir
  spiir-id: "637225274797002914"
  Assets:Checking:Primary  -120.19 DKK
  Expenses:Subscriptions:Streaming  120.19 DKK

2020-04-15 * "BLUE RAVEN\\ \\KOEBENHAVN S \\" "Tobak & alkohol" #spiir
  spiir-id: "637225274797002915"
  Assets:Checking:Primary  -60.00 DKK
  Expenses:Food:Alcohol  60.00 DKK

2020-04-15 * "Ski & Tøj" "Tøj, sko & accessories" #spiir
  spiir-id: "637226123891830588"
  Assets:Checking:Primary  -378.00 DKK
  Expenses:Shopping:Clothing  378.00 DKK

2020-04-17 * "KICKSTARTER.COM\\ \\HTTPSWWW.KICK\\" "Tøj, sko & accessories" #spiir
  spiir-id: "637227014664871836"
  Assets:Checking:Primary  -1514.65 DKK
  Expenses:Shopping:Clothing  1514.65 DKK

2020-04-18 * "Kajakhotellet" "Hobby & sportsudstyr" #spiir
  spiir-id: "637229610350145206"
  Assets:Checking:Primary  -218.00 DKK
  Expenses:Shopping:Sports  218.00 DKK

2020-04-20 * "MobilePay Jan Dalsgaard" "Gaver & velgørenhed" #spiir
  spiir-id: "637230480123429293"
  Assets:Checking:Primary  -500.00 DKK
  Expenses:Gifts  500.00 DKK

2020-04-21 * "CUB COFFEE BAR\\ \\KOBENHAVN K \\" "Bar, cafe & restaurant" #spiir
  spiir-id: "637230480123429290"
  Assets:Checking:Primary  -37.00 DKK
  Expenses:Food:Restaurant  37.00 DKK

2020-04-21 * "CUB COFFEE BAR\\ \\KOBENHAVN K \\" "Bar, cafe & restaurant" #spiir
  spiir-id: "637230480123429291"
  Assets:Checking:Primary  -64.00 DKK
  Expenses:Food:Restaurant  64.00 DKK

2020-04-21 * "APPLE.COM/BILL\\ \\80249625\\" "Online services & software" #spiir
  spiir-id: "637230480123429292"
  Assets:Checking:Primary  -69.00 DKK
  Expenses:Subscriptions:Software  69.00 DKK

2020-04-21 * "Blue Raven" "Bar, cafe & restaurant" #spiir
  spiir-id: "637231382821443331"
  Assets:Checking:Primary  -120.00 DKK
  Expenses:Food:Restaurant  120.00 DKK

2020-04-21 * "Til Kærestekonto" "Dagligvarer" #spiir
  spiir-id: "637231382821443332"
  Assets:Checking:Primary  -500.00 DKK
  Expenses:Food:Groceries  500.00 DKK

2020-04-28 * "CUB COFFEE BAR\\ \\KOBENHAVN K \\" "Bar, cafe & restaurant" #spiir
  spiir-id: "637236673418249520"
  Assets:Checking:Primary  -64.00 DKK
  Expenses:Food:Restaurant  64.00 DKK

2020-04-28 * "FK-Feriepenge" "Feriepenge" #spiir
  spiir-id: "637236673418249521"
  Assets:Checking:Primary  28701.41 DKK
  Income:Holiday  -28701.41 DKK

2020-04-30 * "MobilePay: Orion Madsen" "Gaver & velgørenhed" #spiir
  spiir-id: "637238411121976472"
  Assets:Checking:Primary  250.00 DKK
  Expenses:Gifts  -250.00 DKK

2020-04-30 * "MobilePay Jan Dalsgaard" "Gaver & velgørenhed" #spiir
  spiir-id: "637238411121976473"
  Assets:Checking:Primary  -500.00 DKK
  Expenses:Gifts  500.00 DKK

2020-04-30 * "Overført til:" "Pensionsopsparing" #spiir
  spiir-id: "637238411121976474"
  Assets:Checking:Primary  -441.66 DKK
  Assets:Savings:Pension  441.66 DKK

2020-04-30 * "MobilePay: Jan Dalsgaard" "Private lån (venner & familie)" #spiir
  spiir-id: "637238411121976475"
  Assets:Checking:Primary  500.00 DKK
  Expenses:Loans:Private  -500.00 DKK

2020-04-30 * "LØNOVERFØRSEL" "Løn" #spiir
  spiir-id: "637238411121976476"
  Assets:Checking:Primary  26859.33 DKK
  Income:Salary  -26859.33 DKK

2020-04-30 * "3´s Kortbetaling" "Telefoni & internet" #spiir
  spiir-id: "637239165594729318"
  Assets:Checking:Primary  -200.00 DKK
  Expenses:Subscriptions:Telecom  200.00 DKK

2020-05-01 * "Tryg" "Indbo- & familieforsikring" #spiir
  spiir-id: "637239165594729312"
  Assets:Checking:Primary  -549.37 DKK
  Expenses:House:Contents-Insurance  549.37 DKK

2020-05-01 * "Tryg" "Indbo- & familieforsikring" #spiir
  spiir-id: "637239165594729313"
  Assets:Checking:Primary  -439.18 DKK
  Expenses:House:Contents-Insurance  439.18 DKK

2020-05-01 * "Kærestekonto" "Dagligvarer" #spiir
  spiir-id: "637239165594729314"
  Assets:Checking:Primary  -2000.00 DKK
  Expenses:Food:Groceries  2000.00 DKK

2020-05-01 * "opsparing" "Anden opsparing" #spiir
  spiir-id: "637239165594729315"
  Assets:Checking:Primary  -5000.00 DKK
  Assets:Savings:Other  5000.00 DKK

2020-05-01 * "Faste Fællesudgifter" "Sundheds- & sygeforsikring" #spiir
  spiir-id: "637239165594729316"
  Assets:Checking:Primary  -500.00 DKK
  Expenses:Insurance:Health  500.00 DKK

2020-05-01 * "Husleje" "Boliglån/husleje" #spiir
  spiir-id: "637239165594729317"
  Assets:Checking:Primary  -5000.00 DKK
  Expenses:House:Mortgage  5000.00 DKK

2020-05-01 * "opsparing" "" #spiir
  spiir-id: "637361145906653139"
  Assets:Checking:Opsparing  5000.00 DKK
  Expenses:Uncategorized  -5000.00 DKK

2020-05-04 * "MobilePay Lee Ann Hollesen" "" #spiir
  spiir-id: "637242536462407677"
  Assets:Checking:Primary  -1600.00 DKK
  Expenses:Uncategorized  1600.00 DKK

2020-05-05 * "CUB COFFEE BAR\\ \\KOBENHAVN K \\" "Bar, cafe & restaurant" #spiir
  spiir-id: "637242536462407674"
  Assets:Checking:Primary  -37.00 DKK
  Expenses:Food:Restaurant  37.00 DKK

2020-05-05 * "AMAGER STRAND APOTEK\\ \\KOEBENHAVN S \\" "Apotek & medicin" #spiir
  spiir-id: "637242536462407675"
  Assets:Checking:Primary  -84.95 DKK
  Expenses:Health:Pharmacy  84.95 DKK

2020-05-05 * "Ida Ingeniørfore. i Danm" "Fagforening & a-kasse" #spiir
  spiir-id: "637242536462407676"
  Assets:Checking:Primary  -878.25 DKK
  Expenses:Insurance:Union  878.25 DKK

2020-05-12 * "Cub Coffee Bar\\ \\Kobenhavn K \\" "Bar, cafe & restaurant" #spiir
  spiir-id: "637248595541885173"
  Assets:Checking:Primary  -64.00 DKK
  Expenses:Food:Restaurant  64.00 DKK

2020-05-12 * "PEOPLE LIKE US\\ \\KOBENHAVN S \\" "Tobak & alkohol" #spiir
  spiir-id: "637248595541885174"
  Assets:Checking:Primary  -145.00 DKK
  Expenses:Food:Alcohol  145.00 DKK

2020-05-12 * "MobilePay: Lee Ann Hollesen" "" #spiir
  spiir-id: "637249495201903367"
  Assets:Checking:Primary  837.00 DKK
  Expenses:Uncategorized  -837.00 DKK

2020-05-13 * "WALKONTHEWI\\ \\35314369001 \\" "" #spiir
  spiir-id: "637249495201903366"
  Assets:Checking:Primary  -318.06 DKK
  Expenses:Uncategorized  318.06 DKK

2020-05-13 * "urbanoutdoor.dk" "Hobby & sportsudstyr" #spiir
  spiir-id: "637250409049724354"
  Assets:Checking:Primary  -649.00 DKK
  Expenses:Shopping:Sports  649.00 DKK

2020-05-15 * "Saxo Bank ASK" "Værdipapirshandel" #spiir
  spiir-id: "637251224860488759"
  Assets:Checking:Primary  -51100.00 DKK
  Assets:Savings:Investments  51100.00 DKK

2020-05-15 * "Audible*K87H776A3\\ \\Amzn.com/bill\\" "TV & streaming" #spiir
  spiir-id: "637251224860488760"
  Assets:Checking:Primary  -120.94 DKK
  Expenses:Subscriptions:Streaming  120.94 DKK

2020-05-15 * "MobilePay Mark Ph Jensen" "Hobby & sportsudstyr" #spiir
  spiir-id: "637252125773569327"
  Assets:Checking:Primary  -5000.00 DKK
  Expenses:Shopping:Sports  5000.00 DKK

2020-05-16 * "FJELD & FRITID" "Tøj, sko & accessories" #spiir
  spiir-id: "637253877548955453"
  Assets:Checking:Primary  -499.00 DKK
  Expenses:Shopping:Clothing  499.00 DKK

2020-05-16 * "FJELD & FRITID" "Tøj, sko & accessories" #spiir
  spiir-id: "637253877548955454"
  Assets:Checking:Primary  349.00 DKK
  Expenses:Shopping:Clothing  -349.00 DKK

2020-05-16 * "ELGIGANTEN A/S" "Elektronik & computerudstyr" #spiir
  spiir-id: "637253877548955455"
  Assets:Checking:Primary  -548.00 DKK
  Expenses:Shopping:Electronics  548.00 DKK

2020-05-16 * "HSO*Bike 24 GmbH\\ \\Dresden\\" "Hobby & sportsudstyr" #spiir
  spiir-id: "637253877548955456"
  Assets:Checking:Primary  -2736.18 DKK
  Expenses:Shopping:Sports  2736.18 DKK

2020-05-16 * "CUB COFFEE BAR\\ \\KOBENHAVN K \\" "Bar, cafe & restaurant" #spiir
  spiir-id: "637253877548955457"
  Assets:Checking:Primary  -37.00 DKK
  Expenses:Food:Restaurant  37.00 DKK

2020-05-17 * "Jagger Junk ApS" "Bar, cafe & restaurant" #spiir
  spiir-id: "637253877548955452"
  Assets:Checking:Primary  -125.00 DKK
  Expenses:Food:Restaurant  125.00 DKK

2020-05-18 * "Til Kærestekonto" "Dagligvarer" #spiir
  spiir-id: "637253877548955451"
  Assets:Checking:Primary  -950.00 DKK
  Expenses:Food:Groceries  950.00 DKK

2020-05-19 * "CUB COFFEE BAR\\ \\KOBENHAVN K \\" "Bar, cafe & restaurant" #spiir
  spiir-id: "637254728499114579"
  Assets:Checking:Primary  -64.00 DKK
  Expenses:Food:Restaurant  64.00 DKK

2020-05-19 * "Blue Raven" "Bar, cafe & restaurant" #spiir
  spiir-id: "637255582350975961"
  Assets:Checking:Primary  -130.00 DKK
  Expenses:Food:Restaurant  130.00 DKK

2020-05-19 * "MobilePay: Dan Meakin" "Bar, cafe & restaurant" #spiir
  spiir-id: "637255582350975962"
  Assets:Checking:Primary  65.00 DKK
  Expenses:Food:Restaurant  -65.00 DKK

2020-05-20 * "APPLE.COM/BILL\\ \\80249625\\" "Online services & software" #spiir
  spiir-id: "637255582350975957"
  Assets:Checking:Primary  -69.00 DKK
  Expenses:Subscriptions:Software  69.00 DKK

2020-05-20 * "Blue Raven" "Bar, cafe & restaurant" #spiir
  spiir-id: "637255582350975958"
  Assets:Checking:Primary  -25.00 DKK
  Expenses:Food:Restaurant  25.00 DKK

2020-05-20 * "Blue Raven" "Bar, cafe & restaurant" #spiir
  spiir-id: "637255582350975959"
  Assets:Checking:Primary  -100.00 DKK
  Expenses:Food:Restaurant  100.00 DKK

2020-05-20 * "Rejsekort - DSB" "Bus, tog, færge o.l." #spiir
  spiir-id: "637255582350975960"
  Assets:Checking:Primary  -300.00 DKK
  Expenses:Transport:Public  300.00 DKK

2020-05-21 * "DSB Kastrup AUT" "Bus, tog, færge o.l." #spiir
  spiir-id: "637259855445395833"
  Assets:Checking:Primary  -274.00 DKK
  Expenses:Transport:Public  274.00 DKK

2020-05-25 * "Til Kærestekonto" "Dagligvarer" #spiir
  spiir-id: "637260756657110439"
  Assets:Checking:Primary  -500.00 DKK
  Expenses:Food:Groceries  500.00 DKK

2020-05-26 * "Til Kærestekonto" "Dagligvarer" #spiir
  spiir-id: "637260756657110435"
  Assets:Checking:Primary  -500.00 DKK
  Expenses:Food:Groceries  500.00 DKK

2020-05-26 * "CAFE KAGAN SIMRISHAMN\\ \\SIMRISHAMN\\" "Bar, cafe & restaurant" #spiir
  spiir-id: "637260756657110436"
  Assets:Checking:Primary  -21.61 DKK
  Expenses:Food:Restaurant  21.61 DKK

2020-05-26 * "SIBYLLA MAGLARP\\ \\TRELLEBORG\\" "" #spiir
  spiir-id: "637260756657110437"
  Assets:Checking:Primary  -60.51 DKK
  Expenses:Uncategorized  60.51 DKK

2020-05-26 * "SIBYLLA MAGLARP\\ \\TRELLEBORG\\" "" #spiir
  spiir-id: "637260756657110438"
  Assets:Checking:Primary  -29.54 DKK
  Expenses:Uncategorized  29.54 DKK

2020-05-26 * "aeroe-ferry.com" "Bus, tog, færge o.l." #spiir
  spiir-id: "637261577901728044"
  Assets:Checking:Primary  -172.00 DKK
  Expenses:Transport:Public  172.00 DKK

2020-05-26 * "MobilePay DSB app" "Bus, tog, færge o.l." #spiir
  spiir-id: "637261577901728045"
  Assets:Checking:Primary  -184.00 DKK
  Expenses:Transport:Public  184.00 DKK

2020-05-26 * "MobilePay DSB app" "Bus, tog, færge o.l." #spiir
  spiir-id: "637261577901728046"
  Assets:Checking:Primary  -242.00 DKK
  Expenses:Transport:Public  242.00 DKK

2020-05-27 * "MobilePay: Marcus Lassen" "" #spiir
  spiir-id: "637262506155549283"
  Assets:Checking:Primary  75.00 DKK
  Expenses:Uncategorized  -75.00 DKK

2020-05-29 * "MobilePay DSB app" "Bus, tog, færge o.l." #spiir
  spiir-id: "637263443555587027"
  Assets:Checking:Primary  -222.00 DKK
  Expenses:Transport:Public  222.00 DKK

2020-05-29 * "ALDI 064\\ \\KOEBENHAVN S \\" "Dagligvarer" #spiir
  spiir-id: "637263443555587028"
  Assets:Checking:Primary  -74.90 DKK
  Expenses:Food:Groceries  74.90 DKK

2020-05-29 * "Overført til:" "Pensionsopsparing" #spiir
  spiir-id: "637263443555587029"
  Assets:Checking:Primary  -441.66 DKK
  Assets:Savings:Pension  441.66 DKK

2020-05-29 * "LØNOVERFØRSEL" "Løn" #spiir
  spiir-id: "637263443555587030"
  Assets:Checking:Primary  27134.33 DKK
  Income:Salary  -27134.33 DKK

2020-05-29 * "3´s Kortbetaling" "Telefoni & internet" #spiir
  spiir-id: "637266919689163611"
  Assets:Checking:Primary  -200.00 DKK
  Expenses:Subscriptions:Telecom  200.00 DKK

2020-05-30 * "Bahne Fisketorvet" "Møbler & boligudstyr" #spiir
  spiir-id: "637266919689163609"
  Assets:Checking:Primary  -334.95 DKK
  Expenses:Shopping:Furniture  334.95 DKK

2020-05-30 * "PEOPLE LIKE US\\ \\KOBENHAVN S \\" "Tobak & alkohol" #spiir
  spiir-id: "637266919689163610"
  Assets:Checking:Primary  -50.00 DKK
  Expenses:Food:Alcohol  50.00 DKK

2020-06-02 * "Kærestekonto" "Dagligvarer" #spiir
  spiir-id: "637266919689163605"
  Assets:Checking:Primary  -2000.00 DKK
  Expenses:Food:Groceries  2000.00 DKK

2020-06-02 * "opsparing" "Anden opsparing" #spiir
  spiir-id: "637266919689163606"
  Assets:Checking:Primary  -5000.00 DKK
  Assets:Savings:Other  5000.00 DKK

2020-06-02 * "Faste Fællesudgifter" "Sundheds- & sygeforsikring" #spiir
  spiir-id: "637266919689163607"
  Assets:Checking:Primary  -500.00 DKK
  Expenses:Insurance:Health  500.00 DKK

2020-06-02 * "Husleje" "Boliglån/husleje" #spiir
  spiir-id: "637266919689163608"
  Assets:Checking:Primary  -5000.00 DKK
  Expenses:House:Mortgage  5000.00 DKK

2020-06-02 * "KaffeMekka" "Dagligvarer" #spiir
  spiir-id: "637267727779348338"
  Assets:Checking:Primary  -357.90 DKK
  Expenses:Food:Groceries  357.90 DKK

2020-06-02 * "Netto Landemærket" "Dagligvarer" #spiir
  spiir-id: "637267727779348339"
  Assets:Checking:Primary  -9.50 DKK
  Expenses:Food:Groceries  9.50 DKK

2020-06-02 * "loebeshop.dk" "Hobby & sportsudstyr" #spiir
  spiir-id: "637267727779348340"
  Assets:Checking:Primary  -1732.00 DKK
  Expenses:Shopping:Sports  1732.00 DKK

2020-06-02 * "Shell Service" "Brændstof" #spiir
  spiir-id: "637267727779348341"
  Assets:Checking:Primary  -150.13 DKK
  Expenses:Car:Gas  150.13 DKK

2020-06-02 * "opsparing" "" #spiir
  spiir-id: "637361145906653138"
  Assets:Checking:Opsparing  5000.00 DKK
  Expenses:Uncategorized  -5000.00 DKK

2020-06-03 * "Cub Coffee Bar\\ \\Kobenhavn K \\" "Bar, cafe & restaurant" #spiir
  spiir-id: "637267727779348335"
  Assets:Checking:Primary  -122.00 DKK
  Expenses:Food:Restaurant  122.00 DKK

2020-06-03 * "Freetrailer\\ \\+4588537700 \\" "Anden transport" #spiir
  spiir-id: "637267727779348336"
  Assets:Checking:Primary  -78.00 DKK
  Expenses:Transport:Other  78.00 DKK

2020-06-03 * "Freetrailer\\ \\+4588537700 \\" "Anden transport" #spiir
  spiir-id: "637267727779348337"
  Assets:Checking:Primary  -29.00 DKK
  Expenses:Transport:Other  29.00 DKK

2020-06-04 * "YouSee Regning" "TV & streaming" #spiir
  spiir-id: "637269451636620887"
  Assets:Checking:Primary  -129.00 DKK
  Expenses:Subscriptions:Streaming  129.00 DKK

2020-06-05 * "Netto Ærøskøbing 7" "Dagligvarer" #spiir
  spiir-id: "637272012195622118"
  Assets:Checking:Primary  -462.65 DKK
  Expenses:Food:Groceries  462.65 DKK

2020-06-05 * "Netto Ærøskøbing 7" "Dagligvarer" #spiir
  spiir-id: "637272012195622119"
  Assets:Checking:Primary  -50.00 DKK
  Expenses:Food:Groceries  50.00 DKK

2020-06-08 * "MobilePay: Milena Nikolova" "Bar, cafe & restaurant" #spiir
  spiir-id: "637272884174665200"
  Assets:Checking:Primary  37.00 DKK
  Expenses:Food:Restaurant  -37.00 DKK

2020-06-09 * "THE NOMAD\\ \\KOBENHAVN S \\" "Fastfood & takeaway" #spiir
  spiir-id: "637272884174665199"
  Assets:Checking:Primary  -34.00 DKK
  Expenses:Food:Takeaway  34.00 DKK

2020-06-11 * "MobilePay Lee Ann Hollesen" "Hobby & sportsudstyr" #spiir
  spiir-id: "637274561883413489"
  Assets:Checking:Primary  -350.00 DKK
  Expenses:Shopping:Sports  350.00 DKK

2020-06-11 * "HSO*Bike 24 GmbH\\ \\Dresden\\" "Hobby & sportsudstyr" #spiir
  spiir-id: "637274561883413490"
  Assets:Checking:Primary  699.09 DKK
  Expenses:Shopping:Sports  -699.09 DKK

2020-06-12 * "CUB COFFEE BAR\\ \\KOBENHAVN K \\" "Bar, cafe & restaurant" #spiir
  spiir-id: "637275401501278553"
  Assets:Checking:Primary  -200.00 DKK
  Expenses:Food:Restaurant  200.00 DKK

2020-06-13 * "Elgiganten 3012" "Elektronik & computerudstyr" #spiir
  spiir-id: "637278016228816646"
  Assets:Checking:Primary  -444.00 DKK
  Expenses:Shopping:Electronics  444.00 DKK

2020-06-15 * "USG" "Sport & fritid" #spiir
  spiir-id: "637278912196682473"
  Assets:Checking:Primary  -580.00 DKK
  Expenses:Entertainment:Sports  580.00 DKK

2020-06-16 * "Audible*MY6SS72A2\\ \\Amzn.com/bill\\" "TV & streaming" #spiir
  spiir-id: "637278912196682471"
  Assets:Checking:Primary  -116.60 DKK
  Expenses:Subscriptions:Streaming  116.60 DKK

2020-06-16 * "BAUHAUS VALBY\\ \\KOEBENHAVN SV\\" "Ombygning & vedligehold" #spiir
  spiir-id: "637278912196682472"
  Assets:Checking:Primary  -204.80 DKK
  Expenses:House:Renovation  204.80 DKK

2020-06-17 * "VISION DIRECT BV\\ \\AMSTERDAM\\" "Briller & kontaktlinser" #spiir
  spiir-id: "637279724301150857"
  Assets:Checking:Primary  -1086.56 DKK
  Expenses:Health:Vision  1086.56 DKK

2020-06-17 * "MobilePay Restaurant Uma" "Bar, cafe & restaurant" #spiir
  spiir-id: "637280658216381011"
  Assets:Checking:Primary  -156.00 DKK
  Expenses:Food:Restaurant  156.00 DKK

2020-06-18 * "Rejsekort - DSB" "Bus, tog, færge o.l." #spiir
  spiir-id: "637281529466341037"
  Assets:Checking:Primary  -300.00 DKK
  Expenses:Transport:Public  300.00 DKK

2020-06-18 * "ida.dk" "Biograf, koncerter & forlystelser" #spiir
  spiir-id: "637281529466341038"
  Assets:Checking:Primary  -300.00 DKK
  Expenses:Entertainment:Events  300.00 DKK

2020-06-19 * "APPLE.COM/BILL\\ \\80249625\\" "Online services & software" #spiir
  spiir-id: "637281529466341036"
  Assets:Checking:Primary  -69.00 DKK
  Expenses:Subscriptions:Software  69.00 DKK

2020-06-20 * "ELGIGANTEN A/S" "Elektronik & computerudstyr" #spiir
  spiir-id: "637284184338508282"
  Assets:Checking:Primary  -488.00 DKK
  Expenses:Shopping:Electronics  488.00 DKK

2020-06-20 * "SMUGGLER IMPOR\\ \\KOBENHAVN N \\" "Bar, cafe & restaurant" #spiir
  spiir-id: "637284184338508283"
  Assets:Checking:Primary  -130.00 DKK
  Expenses:Food:Restaurant  130.00 DKK

2020-06-22 * "MobilePay Jan Dalsgaard" "Gaver & velgørenhed" #spiir
  spiir-id: "637284855422915065"
  Assets:Checking:Primary  -100.00 DKK
  Expenses:Gifts  100.00 DKK

2020-06-23 * "BeerDuck ApS\\ \\Koebenhavn n \\" "Bar, cafe & restaurant" #spiir
  spiir-id: "637284855422915064"
  Assets:Checking:Primary  -115.00 DKK
  Expenses:Food:Restaurant  115.00 DKK

2020-06-23 * "bagestaalet.dk" "Møbler & boligudstyr" #spiir
  spiir-id: "637285750436463031"
  Assets:Checking:Primary  -688.00 DKK
  Expenses:Shopping:Furniture  688.00 DKK

2020-06-23 * "DSB NETBUTIK" "Bus, tog, færge o.l." #spiir
  spiir-id: "637285750436463032"
  Assets:Checking:Primary  -598.00 DKK
  Expenses:Transport:Public  598.00 DKK

2020-06-24 * "Mollie JP de Jong Parts \\ \\31416336261 \\" "Ferieaktiviteter" #spiir
  spiir-id: "637285750436463030"
  Assets:Checking:Primary  -400.86 DKK
  Expenses:Travel:Activities  400.86 DKK

2020-06-24 * "MobilePay Gunnar Davíð Gunnarsson" "Bar, cafe & restaurant" #spiir
  spiir-id: "637286696760669036"
  Assets:Checking:Primary  -155.00 DKK
  Expenses:Food:Restaurant  155.00 DKK

2020-06-25 * "7-Eleven B014" "Kiosk, bager & specialbutikker" #spiir
  spiir-id: "637287565256913036"
  Assets:Checking:Primary  -15.95 DKK
  Expenses:Food:Kiosk  15.95 DKK

2020-06-27 * "MobilePay Manifest" "Hobby & sportsudstyr" #spiir
  spiir-id: "637289291297564460"
  Assets:Checking:Primary  -75.00 DKK
  Expenses:Shopping:Sports  75.00 DKK

2020-06-30 * "3´s Kortbetaling" "Telefoni & internet" #spiir
  spiir-id: "637291780990275007"
  Assets:Checking:Primary  -200.00 DKK
  Expenses:Subscriptions:Telecom  200.00 DKK

2020-06-30 * "Netto Landemærket" "Dagligvarer" #spiir
  spiir-id: "637291780990275008"
  Assets:Checking:Primary  -11.95 DKK
  Expenses:Food:Groceries  11.95 DKK

2020-06-30 * "MARINA A 1959 APS\\ \\ROEDVIG STEVN\\" "Fastfood & takeaway" #spiir
  spiir-id: "637291780990275009"
  Assets:Checking:Primary  -25.00 DKK
  Expenses:Food:Takeaway  25.00 DKK

2020-06-30 * "RODVIG FISK\\ \\RODVIG STEVNS\\" "Dagligvarer" #spiir
  spiir-id: "637291780990275010"
  Assets:Checking:Primary  -114.00 DKK
  Expenses:Food:Groceries  114.00 DKK

2020-06-30 * "Overført til:" "Pensionsopsparing" #spiir
  spiir-id: "637291780990275011"
  Assets:Checking:Primary  -441.66 DKK
  Assets:Savings:Pension  441.66 DKK

2020-06-30 * "LØNOVERFØRSEL" "Løn" #spiir
  spiir-id: "637291780990275012"
  Assets:Checking:Primary  27134.33 DKK
  Income:Salary  -27134.33 DKK

2020-07-01 * "Akademikernes A-Kasse" "Fagforening & a-kasse" #spiir
  spiir-id: "637291780990275003"
  Assets:Checking:Primary  -1332.00 DKK
  Expenses:Insurance:Union  1332.00 DKK

2020-07-01 * "Kærestekonto" "Dagligvarer" #spiir
  spiir-id: "637291780990275004"
  Assets:Checking:Primary  -2000.00 DKK
  Expenses:Food:Groceries  2000.00 DKK

2020-07-01 * "Faste Fællesudgifter" "Sundheds- & sygeforsikring" #spiir
  spiir-id: "637291780990275005"
  Assets:Checking:Primary  -500.00 DKK
  Expenses:Insurance:Health  500.00 DKK

2020-07-01 * "Husleje" "Boliglån/husleje" #spiir
  spiir-id: "637291780990275006"
  Assets:Checking:Primary  -5000.00 DKK
  Expenses:House:Mortgage  5000.00 DKK

2020-07-02 * "Billetlugen.dk" "Biograf, koncerter & forlystelser" #spiir
  spiir-id: "637293596681787417"
  Assets:Checking:Primary  -265.00 DKK
  Expenses:Entertainment:Events  265.00 DKK

2020-07-02 * "Saxo Bank ASK" "Værdipapirshandel" #spiir
  spiir-id: "637361145906653137"
  Assets:Checking:Opsparing  -48900.00 DKK
  Assets:Savings:Investments  48900.00 DKK

2020-07-05 * "Beta Boulders Cope" "Bar, cafe & restaurant" #spiir
  spiir-id: "637296301398871398"
  Assets:Checking:Primary  -30.00 DKK
  Expenses:Food:Restaurant  30.00 DKK

2020-07-06 * "Rejsekort - DSB" "Bus, tog, færge o.l." #spiir
  spiir-id: "637297051972720952"
  Assets:Checking:Primary  -300.00 DKK
  Expenses:Transport:Public  300.00 DKK

2020-07-07 * "The Mad Hatter Bub" "Bar, cafe & restaurant" #spiir
  spiir-id: "637297051972720951"
  Assets:Checking:Primary  -130.00 DKK
  Expenses:Food:Restaurant  130.00 DKK

2020-07-08 * "CUB COFFEE BAR\\ \\KOBENHAVN K \\" "Bar, cafe & restaurant" #spiir
  spiir-id: "637297873622043812"
  Assets:Checking:Primary  -77.00 DKK
  Expenses:Food:Restaurant  77.00 DKK

2020-07-10 * "Fisketorvet Føtex" "Dagligvarer" #spiir
  spiir-id: "637300437113854221"
  Assets:Checking:Primary  -15.00 DKK
  Expenses:Food:Groceries  15.00 DKK

2020-07-10 * "MobilePay Martin Kildeberg Frederiksen" "Hobby & sportsudstyr" #spiir
  spiir-id: "637300437113854222"
  Assets:Checking:Primary  -600.00 DKK
  Expenses:Shopping:Sports  600.00 DKK

2020-07-14 * "PEOPLE LIKE US\\ \\KOBENHAVN S \\" "Tobak & alkohol" #spiir
  spiir-id: "637303129688673413"
  Assets:Checking:Primary  -160.00 DKK
  Expenses:Food:Alcohol  160.00 DKK

2020-07-14 * "CUB COFFEE BAR\\ \\KOBENHAVN K \\" "Bar, cafe & restaurant" #spiir
  spiir-id: "637303129688673414"
  Assets:Checking:Primary  -37.00 DKK
  Expenses:Food:Restaurant  37.00 DKK

2020-07-14 * "Pizzaria Luca Gl" "Fastfood & takeaway" #spiir
  spiir-id: "637304028143164261"
  Assets:Checking:Primary  -294.00 DKK
  Expenses:Food:Takeaway  294.00 DKK

2020-07-14 * "MobilePay Jing Lin" "Bar, cafe & restaurant" #spiir
  spiir-id: "637304028143164262"
  Assets:Checking:Primary  -45.00 DKK
  Expenses:Food:Restaurant  45.00 DKK

2020-07-15 * "Audible*MJ9HK09L0\\ \\Amzn.com/bill\\" "TV & streaming" #spiir
  spiir-id: "637304028143164260"
  Assets:Checking:Primary  -115.60 DKK
  Expenses:Subscriptions:Streaming  115.60 DKK

2020-07-16 * "MobilePay Austin Matsick" "Tobak & alkohol" #spiir
  spiir-id: "637305781337656551"
  Assets:Checking:Primary  210.00 DKK
  Expenses:Food:Alcohol  -210.00 DKK

2020-07-16 * "Hija de Sanchez" "Fastfood & takeaway" #spiir
  spiir-id: "637305781337656552"
  Assets:Checking:Primary  -315.00 DKK
  Expenses:Food:Takeaway  315.00 DKK

2020-07-16 * "H.W. Larsen & Sønn" "Møbler & boligudstyr" #spiir
  spiir-id: "637305781337656553"
  Assets:Checking:Primary  -117.50 DKK
  Expenses:Shopping:Furniture  117.50 DKK

2020-07-16 * "Netto Landemærket" "Dagligvarer" #spiir
  spiir-id: "637305781337656554"
  Assets:Checking:Primary  -9.50 DKK
  Expenses:Food:Groceries  9.50 DKK

2020-07-17 * "Dry & Bitter ApS" "Bar, cafe & restaurant" #spiir
  spiir-id: "637306476474554085"
  Assets:Checking:Primary  -110.00 DKK
  Expenses:Food:Restaurant  110.00 DKK

2020-07-19 * "Rejsekort - DSB" "Bus, tog, færge o.l." #spiir
  spiir-id: "637308198929183928"
  Assets:Checking:Primary  -300.00 DKK
  Expenses:Transport:Public  300.00 DKK

2020-07-20 * "MobilePay Jing Lin" "Bar, cafe & restaurant" #spiir
  spiir-id: "637309140764890637"
  Assets:Checking:Primary  -40.00 DKK
  Expenses:Food:Restaurant  40.00 DKK

2020-07-21 * "AIRBNB * HMHMSMAJ8P\\ \\415-800-5959 \\" "Fly & Hotel" #spiir
  spiir-id: "637309140764890631"
  Assets:Checking:Primary  -676.48 DKK
  Expenses:Travel:Transport  676.48 DKK

2020-07-21 * "AIRBNB * HMC8YEQKFT\\ \\415-800-5959 \\" "Fly & Hotel" #spiir
  spiir-id: "637309140764890632"
  Assets:Checking:Primary  -451.76 DKK
  Expenses:Travel:Transport  451.76 DKK

2020-07-21 * "APPLE.COM/BILL\\ \\80249625\\" "Online services & software" #spiir
  spiir-id: "637309140764890633"
  Assets:Checking:Primary  -69.00 DKK
  Expenses:Subscriptions:Software  69.00 DKK

2020-07-21 * "Elgiganten Amager\\ \\Koebenhavn S \\" "Spil & legetøj" #spiir
  spiir-id: "637309140764890634"
  Assets:Checking:Primary  -399.00 DKK
  Expenses:Kids:Toys  399.00 DKK

2020-07-21 * "CUB COFFEE BAR\\ \\KOBENHAVN K \\" "Bar, cafe & restaurant" #spiir
  spiir-id: "637309140764890635"
  Assets:Checking:Primary  -200.00 DKK
  Expenses:Food:Restaurant  200.00 DKK

2020-07-21 * "PROLOG COFFEE\\ \\KOBENHAVN V \\" "Bar, cafe & restaurant" #spiir
  spiir-id: "637309140764890636"
  Assets:Checking:Primary  -43.00 DKK
  Expenses:Food:Restaurant  43.00 DKK

2020-07-21 * "MobilePay WeShare" "Private lån (venner & familie)" #spiir
  spiir-id: "637309961482257598"
  Assets:Checking:Primary  -795.00 DKK
  Expenses:Loans:Private  795.00 DKK

2020-07-22 * "ROOM CAFE\\ \\KOBENHAVN K \\" "Bar, cafe & restaurant" #spiir
  spiir-id: "637309961482257597"
  Assets:Checking:Primary  -34.00 DKK
  Expenses:Food:Restaurant  34.00 DKK

2020-07-24 * "PURA VIDA E\\ \\35314369001 \\" "Bar, cafe & restaurant" #spiir
  spiir-id: "637311801839845349"
  Assets:Checking:Primary  -140.59 DKK
  Expenses:Food:Restaurant  140.59 DKK

2020-07-24 * "CUB COFFEE BAR\\ \\KOBENHAVN K \\" "Bar, cafe & restaurant" #spiir
  spiir-id: "637311801839845350"
  Assets:Checking:Primary  -186.00 DKK
  Expenses:Food:Restaurant  186.00 DKK

2020-07-24 * "JØGVAN WEIHE HEILS" "Tøj, sko & accessories" #spiir
  spiir-id: "637312697753806098"
  Assets:Checking:Primary  -2662.90 DKK
  Expenses:Shopping:Clothing  2662.90 DKK

2020-07-25 * "Sp/f Faris" "Billeje" #spiir
  spiir-id: "637314363091746533"
  Assets:Checking:Primary  -1149.00 DKK
  Expenses:Travel:Car-Rental  1149.00 DKK

2020-07-25 * "ESPRESSO HOUSE 7158\\ \\KASTRUP\\" "Bar, cafe & restaurant" #spiir
  spiir-id: "637314363091746534"
  Assets:Checking:Primary  -43.00 DKK
  Expenses:Food:Restaurant  43.00 DKK

2020-07-25 * "APPLE.COM/BILL\\ \\80249625\\" "Online services & software" #spiir
  spiir-id: "637314363091746535"
  Assets:Checking:Primary  -35.00 DKK
  Expenses:Subscriptions:Software  35.00 DKK

2020-07-28 * "SPF MYKINES\\ \\Soervagur\\" "Ferieaktiviteter" #spiir
  spiir-id: "637315240584160215"
  Assets:Checking:Primary  -500.00 DKK
  Expenses:Travel:Activities  500.00 DKK

2020-07-28 * "Til Kærestekonto" "Dagligvarer" #spiir
  spiir-id: "637316118403189366"
  Assets:Checking:Primary  -750.00 DKK
  Expenses:Food:Groceries  750.00 DKK

2020-07-30 * "Coop Kvickly Stran" "Dagligvarer" #spiir
  spiir-id: "637317741483664067"
  Assets:Checking:Primary  -23.70 DKK
  Expenses:Food:Groceries  23.70 DKK

2020-07-30 * "Til Kærestekonto" "Dagligvarer" #spiir
  spiir-id: "637317741483664068"
  Assets:Checking:Primary  -300.00 DKK
  Expenses:Food:Groceries  300.00 DKK

2020-07-31 * "CUB COFFEE BAR\\ \\KOBENHAVN K \\" "Bar, cafe & restaurant" #spiir
  spiir-id: "637317741483664063"
  Assets:Checking:Primary  -28.00 DKK
  Expenses:Food:Restaurant  28.00 DKK

2020-07-31 * "CUB COFFEE BAR\\ \\KOBENHAVN K \\" "Bar, cafe & restaurant" #spiir
  spiir-id: "637317741483664064"
  Assets:Checking:Primary  -119.00 DKK
  Expenses:Food:Restaurant  119.00 DKK

2020-07-31 * "Overført til:" "Pensionsopsparing" #spiir
  spiir-id: "637317741483664065"
  Assets:Checking:Primary  -441.66 DKK
  Assets:Savings:Pension  441.66 DKK

2020-07-31 * "LØNOVERFØRSEL" "Løn" #spiir
  spiir-id: "637317741483664066"
  Assets:Checking:Primary  27308.93 DKK
  Income:Salary  -27308.93 DKK

2020-07-31 * "SuperBrugsen Strib" "Dagligvarer" #spiir
  spiir-id: "637318708246085850"
  Assets:Checking:Primary  -191.35 DKK
  Expenses:Food:Groceries  191.35 DKK

2020-07-31 * "Coop SB Hovedbanen" "Dagligvarer" #spiir
  spiir-id: "637318708246085851"
  Assets:Checking:Primary  -89.15 DKK
  Expenses:Food:Groceries  89.15 DKK

2020-07-31 * "3´s Kortbetaling" "Telefoni & internet" #spiir
  spiir-id: "637320604069939260"
  Assets:Checking:Primary  -201.77 DKK
  Expenses:Subscriptions:Telecom  201.77 DKK

2020-08-01 * "ISVAFLEN" "Bar, cafe & restaurant" #spiir
  spiir-id: "637320604069939256"
  Assets:Checking:Primary  -85.00 DKK
  Expenses:Food:Restaurant  85.00 DKK

2020-08-01 * "Dunkin Donuts HGB" "Kiosk, bager & specialbutikker" #spiir
  spiir-id: "637320604069939257"
  Assets:Checking:Primary  -61.00 DKK
  Expenses:Food:Kiosk  61.00 DKK

2020-08-01 * "Tryg" "Indbo- & familieforsikring" #spiir
  spiir-id: "637320604069939258"
  Assets:Checking:Primary  -439.18 DKK
  Expenses:House:Contents-Insurance  439.18 DKK

2020-08-01 * "Tryg" "Indbo- & familieforsikring" #spiir
  spiir-id: "637320604069939259"
  Assets:Checking:Primary  -549.37 DKK
  Expenses:House:Contents-Insurance  549.37 DKK

2020-08-02 * "Zócalo Tivoli Food" "Bar, cafe & restaurant" #spiir
  spiir-id: "637320604069939255"
  Assets:Checking:Primary  -110.00 DKK
  Expenses:Food:Restaurant  110.00 DKK

2020-08-03 * "Kærestekonto" "Dagligvarer" #spiir
  spiir-id: "637320604069939252"
  Assets:Checking:Primary  -2000.00 DKK
  Expenses:Food:Groceries  2000.00 DKK

2020-08-03 * "Faste Fællesudgifter" "Sundheds- & sygeforsikring" #spiir
  spiir-id: "637320604069939253"
  Assets:Checking:Primary  -500.00 DKK
  Expenses:Insurance:Health  500.00 DKK

2020-08-03 * "Husleje" "Boliglån/husleje" #spiir
  spiir-id: "637320604069939254"
  Assets:Checking:Primary  -5000.00 DKK
  Expenses:House:Mortgage  5000.00 DKK

2020-08-04 * "DB AUTOMATEN\\ \\Hamburg\\" "Bus, tog, færge o.l." #spiir
  spiir-id: "637321229147897470"
  Assets:Checking:Primary  -49.91 DKK
  Expenses:Transport:Public  49.91 DKK

2020-08-04 * "Boulder-Halle\\ \\Hamburg\\" "Ferieaktiviteter" #spiir
  spiir-id: "637321229147897471"
  Assets:Checking:Primary  -113.42 DKK
  Expenses:Travel:Activities  113.42 DKK

2020-08-04 * "Boulder-Halle\\ \\Hamburg\\" "Ferieaktiviteter" #spiir
  spiir-id: "637321229147897472"
  Assets:Checking:Primary  -17.39 DKK
  Expenses:Travel:Activities  17.39 DKK

2020-08-04 * "Boulder-Halle\\ \\Hamburg\\" "Ferieaktiviteter" #spiir
  spiir-id: "637321229147897473"
  Assets:Checking:Primary  -17.39 DKK
  Expenses:Travel:Activities  17.39 DKK

2020-08-05 * "GALERIA KAUFHOF\\ \\HAMBURG\\" "Ferieaktiviteter" #spiir
  spiir-id: "637322049001457432"
  Assets:Checking:Primary  -120.91 DKK
  Expenses:Travel:Activities  120.91 DKK

2020-08-05 * "SPORT SCHECK\\ \\HAMBURG\\" "Tøj, sko & accessories" #spiir
  spiir-id: "637322049001457433"
  Assets:Checking:Primary  -842.85 DKK
  Expenses:Shopping:Clothing  842.85 DKK

2020-08-05 * "ESPRESSO HOUSE 22011\\ \\HAMBURG\\" "Bar, cafe & restaurant" #spiir
  spiir-id: "637322049001457434"
  Assets:Checking:Primary  -29.88 DKK
  Expenses:Food:Restaurant  29.88 DKK

2020-08-05 * "Ida Ingeniørfore. i Danm" "Fagforening & a-kasse" #spiir
  spiir-id: "637322049001584601"
  Assets:Checking:Primary  -878.25 DKK
  Expenses:Insurance:Union  878.25 DKK

2020-08-07 * "SLOWDOWN TRAVEMUENDE G\\ \\LUEBECK\\" "Ferieaktiviteter" #spiir
  spiir-id: "637323785111983908"
  Assets:Checking:Primary  -30.26 DKK
  Expenses:Travel:Activities  30.26 DKK

2020-08-09 * "MobilePay: Signe Vestergaard Dam" "Tøj, sko & accessories" #spiir
  spiir-id: "637326553659439486"
  Assets:Checking:Primary  800.00 DKK
  Expenses:Shopping:Clothing  -800.00 DKK

2020-08-11 * "Til Kærestekonto" "Dagligvarer" #spiir
  spiir-id: "637327729769191774"
  Assets:Checking:Primary  -2500.00 DKK
  Expenses:Food:Groceries  2500.00 DKK

2020-08-11 * "Tondeuse Shop BV\\ \\Almere\\" "Elektronik & computerudstyr" #spiir
  spiir-id: "637327729769191775"
  Assets:Checking:Primary  -1108.41 DKK
  Expenses:Shopping:Electronics  1108.41 DKK

2020-08-11 * "CERVEJARIA & PASTELARI\\ \\HAMBURG\\" "Ferieaktiviteter" #spiir
  spiir-id: "637327729769191776"
  Assets:Checking:Primary  -33.28 DKK
  Expenses:Travel:Activities  33.28 DKK

2020-08-11 * "DIE ROESTEREI COFFEUM\\ \\HAMBURG\\" "Ferieaktiviteter" #spiir
  spiir-id: "637327729769191777"
  Assets:Checking:Primary  -24.21 DKK
  Expenses:Travel:Activities  24.21 DKK

2020-08-11 * "Rosterei Fuchs\\ \\Schwerin\\" "Ferieaktiviteter" #spiir
  spiir-id: "637327729769191778"
  Assets:Checking:Primary  -22.70 DKK
  Expenses:Travel:Activities  22.70 DKK

2020-08-13 * "Beta Boulders Copenhagen \\ \\Vanloese\\" "Sport & fritid" #spiir
  spiir-id: "637329106395965721"
  Assets:Checking:Primary  -175.00 DKK
  Expenses:Entertainment:Sports  175.00 DKK

2020-08-13 * "FJELD & FRITID" "Tøj, sko & accessories" #spiir
  spiir-id: "637329874531886748"
  Assets:Checking:Primary  -174.50 DKK
  Expenses:Shopping:Clothing  174.50 DKK

2020-08-14 * "CUB COFFEE BAR\\ \\KOBENHAVN K \\" "Bar, cafe & restaurant" #spiir
  spiir-id: "637329874531886747"
  Assets:Checking:Primary  -200.00 DKK
  Expenses:Food:Restaurant  200.00 DKK

2020-08-15 * "MobilePay Jan Dalsgaard" "Gaver & velgørenhed" #spiir
  spiir-id: "637331669343618029"
  Assets:Checking:Primary  -250.00 DKK
  Expenses:Gifts  250.00 DKK

2020-08-15 * "Audible*MF4HK12R0\\ \\Amzn.com/bill\\" "TV & streaming" #spiir
  spiir-id: "637332511360009216"
  Assets:Checking:Primary  -110.86 DKK
  Expenses:Subscriptions:Streaming  110.86 DKK

2020-08-17 * "MobilePay Yana Shevchenko" "Hobby & sportsudstyr" #spiir
  spiir-id: "637333312014907485"
  Assets:Checking:Primary  -850.00 DKK
  Expenses:Shopping:Sports  850.00 DKK

2020-08-19 * "APPLE.COM/BILL\\ \\80249625\\" "Online services & software" #spiir
  spiir-id: "637334163976472830"
  Assets:Checking:Primary  -69.00 DKK
  Expenses:Subscriptions:Software  69.00 DKK

2020-08-19 * "PremierTaxFree FO\\ \\FAROE ISLANDS\\" "Hobby & sportsudstyr" #spiir
  spiir-id: "637334163976472831"
  Assets:Checking:Primary  346.18 DKK
  Expenses:Shopping:Sports  -346.18 DKK

2020-08-19 * "Rejsekort - DSB" "Bus, tog, færge o.l." #spiir
  spiir-id: "637335041508834936"
  Assets:Checking:Primary  -300.00 DKK
  Expenses:Transport:Public  300.00 DKK

2020-08-19 * "MobilePay: Cosima Hirschberg" "Bar, cafe & restaurant" #spiir
  spiir-id: "637335041508834937"
  Assets:Checking:Primary  618.00 DKK
  Expenses:Food:Restaurant  -618.00 DKK

2020-08-19 * "MobilePay: Dan Meakin" "Bar, cafe & restaurant" #spiir
  spiir-id: "637335041508834938"
  Assets:Checking:Primary  722.00 DKK
  Expenses:Food:Restaurant  -722.00 DKK

2020-08-20 * "MobilePay Dan Meakin" "Bar, cafe & restaurant" #spiir
  spiir-id: "637335041508834935"
  Assets:Checking:Primary  -71.66 DKK
  Expenses:Food:Restaurant  71.66 DKK

2020-08-21 * "Til Kærestekonto" "Dagligvarer" #spiir
  spiir-id: "637335926390180957"
  Assets:Checking:Primary  -1000.00 DKK
  Expenses:Food:Groceries  1000.00 DKK

2020-08-21 * "HOT POT REPUBLIC\\ \\KOEBENHAVN V \\" "Bar, cafe & restaurant" #spiir
  spiir-id: "637335926390180958"
  Assets:Checking:Primary  -870.00 DKK
  Expenses:Food:Restaurant  870.00 DKK

2020-08-21 * "Beta Boulders Cope" "Sport & fritid" #spiir
  spiir-id: "637336742573412566"
  Assets:Checking:Primary  -950.00 DKK
  Expenses:Entertainment:Sports  950.00 DKK

2020-08-21 * "MobilePay Paradis Frugt" "Dagligvarer" #spiir
  spiir-id: "637336742573412567"
  Assets:Checking:Primary  -10.00 DKK
  Expenses:Food:Groceries  10.00 DKK

2020-08-21 * "MobilePay Jing Lin" "Bar, cafe & restaurant" #spiir
  spiir-id: "637336742573412568"
  Assets:Checking:Primary  -46.00 DKK
  Expenses:Food:Restaurant  46.00 DKK

2020-08-24 * "INGO København, He" "Brændstof" #spiir
  spiir-id: "637338590101886132"
  Assets:Checking:Primary  -83.90 DKK
  Expenses:Car:Gas  83.90 DKK

2020-08-24 * "IKEA 121 IF" "Møbler & boligudstyr" #spiir
  spiir-id: "637339468923080714"
  Assets:Checking:Primary  -24.00 DKK
  Expenses:Shopping:Furniture  24.00 DKK

2020-08-24 * "IKEA 121 HFB" "Møbler & boligudstyr" #spiir
  spiir-id: "637339468923080715"
  Assets:Checking:Primary  -4151.50 DKK
  Expenses:Shopping:Furniture  4151.50 DKK

2020-08-25 * "GOMORE\\ \\COPENHAGEN K \\" "Bus, tog, færge o.l." #spiir
  spiir-id: "637339468923080713"
  Assets:Checking:Primary  -417.00 DKK
  Expenses:Transport:Public  417.00 DKK

2020-08-26 * "KAF BAR\\ \\KOBENHAVN K \\" "Bar, cafe & restaurant" #spiir
  spiir-id: "637340361608184239"
  Assets:Checking:Primary  -20.00 DKK
  Expenses:Food:Restaurant  20.00 DKK

2020-08-26 * "Blue Raven" "Bar, cafe & restaurant" #spiir
  spiir-id: "637341249452775989"
  Assets:Checking:Primary  -110.00 DKK
  Expenses:Food:Restaurant  110.00 DKK

2020-08-28 * "MobilePay Bang" "Biograf, koncerter & forlystelser" #spiir
  spiir-id: "637342896972054242"
  Assets:Checking:Primary  -510.00 DKK
  Expenses:Entertainment:Events  510.00 DKK

2020-08-28 * "MobilePay: Bang" "Biograf, koncerter & forlystelser" #spiir
  spiir-id: "637342896972054243"
  Assets:Checking:Primary  255.00 DKK
  Expenses:Entertainment:Events  -255.00 DKK

2020-08-29 * "MobilePay: Dessouky" "Fastfood & takeaway" #spiir
  spiir-id: "637343766184986827"
  Assets:Checking:Primary  215.00 DKK
  Expenses:Food:Takeaway  -215.00 DKK

2020-08-29 * "LØNOVERFØRSEL" "Løn" #spiir
  spiir-id: "637344653645000554"
  Assets:Checking:Primary  21813.33 DKK
  Income:Salary  -21813.33 DKK

2020-08-30 * "Beta Boulders Cope" "Bar, cafe & restaurant" #spiir
  spiir-id: "637344653645000553"
  Assets:Checking:Primary  -55.00 DKK
  Expenses:Food:Restaurant  55.00 DKK

2020-08-31 * "Overført til:" "Pensionsopsparing" #spiir
  spiir-id: "637344653645000552"
  Assets:Checking:Primary  -441.66 DKK
  Assets:Savings:Pension  441.66 DKK

2020-08-31 * "3´s Kortbetaling" "Telefoni & internet" #spiir
  spiir-id: "637345544780124348"
  Assets:Checking:Primary  -260.18 DKK
  Expenses:Subscriptions:Telecom  260.18 DKK

2020-08-31 * "Rejsekort - DSB" "Bus, tog, færge o.l." #spiir
  spiir-id: "637345544780124349"
  Assets:Checking:Primary  -300.00 DKK
  Expenses:Transport:Public  300.00 DKK

2020-09-01 * "NICECREAMCPH A\\ \\HORSHOLM\\" "Bar, cafe & restaurant" #spiir
  spiir-id: "637345544780124340"
  Assets:Checking:Primary  -56.00 DKK
  Expenses:Food:Restaurant  56.00 DKK

2020-09-01 * "CAFE VELO\\ \\KOBENHAVN K \\" "Bar, cafe & restaurant" #spiir
  spiir-id: "637345544780124341"
  Assets:Checking:Primary  -30.00 DKK
  Expenses:Food:Restaurant  30.00 DKK

2020-09-01 * "SLURP FOOD SOL\\ \\KOBENHAVN K \\" "Bar, cafe & restaurant" #spiir
  spiir-id: "637345544780124342"
  Assets:Checking:Primary  -430.00 DKK
  Expenses:Food:Restaurant  430.00 DKK

2020-09-01 * "Kærestekonto" "Dagligvarer" #spiir
  spiir-id: "637345544780124343"
  Assets:Checking:Primary  -2000.00 DKK
  Expenses:Food:Groceries  2000.00 DKK

2020-09-01 * "Faste Fællesudgifter" "Sundheds- & sygeforsikring" #spiir
  spiir-id: "637345544780124344"
  Assets:Checking:Primary  -500.00 DKK
  Expenses:Insurance:Health  500.00 DKK

2020-09-01 * "Husleje" "Boliglån/husleje" #spiir
  spiir-id: "637345544780124345"
  Assets:Checking:Primary  -5000.00 DKK
  Expenses:House:Mortgage  5000.00 DKK

2020-09-01 * "opsparing" "Anden opsparing" #spiir
  spiir-id: "637345544780124346"
  Assets:Checking:Primary  -5000.00 DKK
  Assets:Savings:Other  5000.00 DKK

2020-09-01 * "COFFEE COLLECTIVE" "Bar, cafe & restaurant" #spiir
  spiir-id: "637345544780124347"
  Assets:Checking:Primary  -60.00 DKK
  Expenses:Food:Restaurant  60.00 DKK

2020-09-01 * "opsparing" "" #spiir
  spiir-id: "637361145906653136"
  Assets:Checking:Opsparing  5000.00 DKK
  Expenses:Uncategorized  -5000.00 DKK

2020-09-02 * "NETTO BACKERSVEJ\\ \\KOEBENHAVN S \\" "Dagligvarer" #spiir
  spiir-id: "637346417806100214"
  Assets:Checking:Primary  -16.00 DKK
  Expenses:Food:Groceries  16.00 DKK

2020-09-02 * "Movie House" "Biograf, koncerter & forlystelser" #spiir
  spiir-id: "637347271989432246"
  Assets:Checking:Primary  0.00 DKK
  Expenses:Entertainment:Events  -0.00 DKK

2020-09-03 * "MobilePay Jan Dalsgaard" "Gaver & velgørenhed" #spiir
  spiir-id: "637347271989432244"
  Assets:Checking:Primary  -146.00 DKK
  Expenses:Gifts  146.00 DKK

2020-09-03 * "SP * SOLID STATE\\ \\HAWTHORN\\" "Tøj, sko & accessories" #spiir
  spiir-id: "637347271989432245"
  Assets:Checking:Primary  -339.58 DKK
  Expenses:Shopping:Clothing  339.58 DKK

2020-09-03 * "Den Kinesiske Købm" "Dagligvarer" #spiir
  spiir-id: "637348100195126911"
  Assets:Checking:Primary  -64.00 DKK
  Expenses:Food:Groceries  64.00 DKK

2020-09-03 * "Afghan Marked Aps" "Dagligvarer" #spiir
  spiir-id: "637348100195126912"
  Assets:Checking:Primary  -67.50 DKK
  Expenses:Food:Groceries  67.50 DKK

2020-09-04 * "MOVIE HOUSE\\ \\HELLERUP\\" "Biograf, koncerter & forlystelser" #spiir
  spiir-id: "637348100195126910"
  Assets:Checking:Primary  -118.51 DKK
  Expenses:Entertainment:Events  118.51 DKK

2020-09-06 * "MobilePay Coop App" "Dagligvarer" #spiir
  spiir-id: "637350656091372129"
  Assets:Checking:Primary  -173.45 DKK
  Expenses:Food:Groceries  173.45 DKK

2020-09-08 * "VEGA\\ \\KBENHAVN V\\" "Bar, cafe & restaurant" #spiir
  spiir-id: "637351423615590224"
  Assets:Checking:Primary  -60.00 DKK
  Expenses:Food:Restaurant  60.00 DKK

2020-09-08 * "VEGA\\ \\KBENHAVN V\\" "Bar, cafe & restaurant" #spiir
  spiir-id: "637351423615590225"
  Assets:Checking:Primary  -60.00 DKK
  Expenses:Food:Restaurant  60.00 DKK

2020-09-08 * "xl-byg.dk" "Ombygning & vedligehold" #spiir
  spiir-id: "637352267444190080"
  Assets:Checking:Primary  -128.95 DKK
  Expenses:House:Renovation  128.95 DKK

2020-09-09 * "INGO København, He" "Brændstof" #spiir
  spiir-id: "637352267444190079"
  Assets:Checking:Primary  -35.01 DKK
  Expenses:Car:Gas  35.01 DKK

2020-09-09 * "Irma Illum" "Dagligvarer" #spiir
  spiir-id: "637353121426215762"
  Assets:Checking:Primary  -13.95 DKK
  Expenses:Food:Groceries  13.95 DKK

2020-09-10 * "Freetrailer\\ \\+4588537700 \\" "Anden transport" #spiir
  spiir-id: "637353121426215760"
  Assets:Checking:Primary  -78.00 DKK
  Expenses:Transport:Other  78.00 DKK

2020-09-10 * "GOMORE\\ \\COPENHAGEN K \\" "Bus, tog, færge o.l." #spiir
  spiir-id: "637353121426215761"
  Assets:Checking:Primary  -298.00 DKK
  Expenses:Transport:Public  298.00 DKK

2020-09-10 * "ida.dk" "Biograf, koncerter & forlystelser" #spiir
  spiir-id: "637354156980830538"
  Assets:Checking:Primary  -310.00 DKK
  Expenses:Entertainment:Events  310.00 DKK

2020-09-11 * "AMZN Mktp DE*KZ55183Z5\\ \\800-279-6620 \\" "Andet privatforbrug" #spiir
  spiir-id: "637354156980830537"
  Assets:Checking:Primary  -125.24 DKK
  Expenses:Shopping:Other  125.24 DKK

2020-09-15 * "ACUFLEX\\ \\LOMMEL\\" "Elektronik & computerudstyr" #spiir
  spiir-id: "637357672684798023"
  Assets:Checking:Primary  -394.35 DKK
  Expenses:Shopping:Electronics  394.35 DKK

2020-09-15 * "Audible*MU15O7WN2\\ \\Amzn.com/bill\\" "TV & streaming" #spiir
  spiir-id: "637357672684798024"
  Assets:Checking:Primary  -110.49 DKK
  Expenses:Subscriptions:Streaming  110.49 DKK

2020-09-17 * "Taste of Taiwan" "Bar, cafe & restaurant" #spiir
  spiir-id: "637360194283483164"
  Assets:Checking:Primary  -87.00 DKK
  Expenses:Food:Restaurant  87.00 DKK

2020-09-18 * "MobilePay: Milena Nikolova" "Bar, cafe & restaurant" #spiir
  spiir-id: "637360194283483162"
  Assets:Checking:Primary  100.00 DKK
  Expenses:Food:Restaurant  -100.00 DKK

2020-09-18 * "Beta Boulders Copenhagen \\ \\Vanloese\\" "Bar, cafe & restaurant" #spiir
  spiir-id: "637360194283483163"
  Assets:Checking:Primary  -30.00 DKK
  Expenses:Food:Restaurant  30.00 DKK

2020-09-19 * "APPLE.COM/BILL\\ \\80249625\\" "Online services & software" #spiir
  spiir-id: "637362781645591736"
  Assets:Checking:Primary  -69.00 DKK
  Expenses:Subscriptions:Software  69.00 DKK

2020-09-19 * "CUB COFFEE BAR\\ \\KOBENHAVN K \\" "Bar, cafe & restaurant" #spiir
  spiir-id: "637362781645591737"
  Assets:Checking:Primary  -101.00 DKK
  Expenses:Food:Restaurant  101.00 DKK

2020-09-21 * "Til Kærestekonto" "Dagligvarer" #spiir
  spiir-id: "637363615691004370"
  Assets:Checking:Primary  -500.00 DKK
  Expenses:Food:Groceries  500.00 DKK

2020-09-21 * "SpotifySE" "Film, musik & læsestof" #spiir
  spiir-id: "637674667688268943"
  Assets:Checking:Fixed  -124.00 DKK
  Expenses:Entertainment:Media  124.00 DKK

2020-09-22 * "APPLE.COM/BILL\\ \\80249625\\" "Online services & software" #spiir
  spiir-id: "637363615691004369"
  Assets:Checking:Primary  -45.00 DKK
  Expenses:Subscriptions:Software  45.00 DKK

2020-09-23 * "VISION DIRECT BV\\ \\AMSTERDAM\\" "Briller & kontaktlinser" #spiir
  spiir-id: "637364596639850337"
  Assets:Checking:Primary  -1062.49 DKK
  Expenses:Health:Vision  1062.49 DKK

2020-09-24 * "CUB COFFEE BAR\\ \\KOBENHAVN K \\" "Bar, cafe & restaurant" #spiir
  spiir-id: "637365379706765949"
  Assets:Checking:Primary  -62.00 DKK
  Expenses:Food:Restaurant  62.00 DKK

2020-09-25 * "absolutkaffe.dk" "Møbler & boligudstyr" #spiir
  spiir-id: "637366700088215453"
  Assets:Checking:Primary  -636.95 DKK
  Expenses:Shopping:Furniture  636.95 DKK

2020-09-26 * "Beta Boulders Copenhagen \\ \\Vanloese\\" "Bar, cafe & restaurant" #spiir
  spiir-id: "637368745498510347"
  Assets:Checking:Primary  -30.00 DKK
  Expenses:Food:Restaurant  30.00 DKK

2020-09-28 * "SILVAN 637 Fisketo" "Ombygning & vedligehold" #spiir
  spiir-id: "637369076518571394"
  Assets:Checking:Primary  -150.80 DKK
  Expenses:House:Renovation  150.80 DKK

2020-09-29 * "BonusTryghedsGruppen" "Indbo- & familieforsikring" #spiir
  spiir-id: "637369778691521367"
  Assets:Checking:Primary  285.34 DKK
  Expenses:House:Contents-Insurance  -285.34 DKK

2020-09-30 * "APPLE.COM/BILL\\ \\80249625\\" "Online services & software" #spiir
  spiir-id: "637370501071321524"
  Assets:Checking:Primary  -17.00 DKK
  Expenses:Subscriptions:Software  17.00 DKK

2020-09-30 * "WISH.COM\\ \\+31 203332389\\" "Tøj, sko & accessories" #spiir
  spiir-id: "637370501071321525"
  Assets:Checking:Primary  -194.00 DKK
  Expenses:Shopping:Clothing  194.00 DKK

2020-09-30 * "Overført til:" "Pensionsopsparing" #spiir
  spiir-id: "637370501071321526"
  Assets:Checking:Primary  -441.66 DKK
  Assets:Savings:Pension  441.66 DKK

2020-09-30 * "LØNOVERFØRSEL" "Løn" #spiir
  spiir-id: "637370501071321527"
  Assets:Checking:Primary  26804.33 DKK
  Income:Salary  -26804.33 DKK

2020-09-30 * "Til Kærestekonto" "Dagligvarer" #spiir
  spiir-id: "637370666715009500"
  Assets:Checking:Primary  -200.00 DKK
  Expenses:Food:Groceries  200.00 DKK

2020-09-30 * "ida.dk" "Bar, cafe & restaurant" #spiir
  spiir-id: "637370666715009501"
  Assets:Checking:Primary  310.00 DKK
  Expenses:Food:Restaurant  -310.00 DKK

2020-09-30 * "3´s Kortbetaling" "Telefoni & internet" #spiir
  spiir-id: "637371587549476650"
  Assets:Checking:Primary  -201.77 DKK
  Expenses:Subscriptions:Telecom  201.77 DKK

2020-10-01 * "postdanmark.dk 917CC" "Hobby & sportsudstyr" #spiir
  spiir-id: "637371587549476643"
  Assets:Checking:Primary  -182.00 DKK
  Expenses:Shopping:Sports  182.00 DKK

2020-10-01 * "MobilePay: Claus bartolin" "Hobby & sportsudstyr" #spiir
  spiir-id: "637371587549476644"
  Assets:Checking:Primary  400.00 DKK
  Expenses:Shopping:Sports  -400.00 DKK

2020-10-01 * "Akademikernes A-Kasse" "Fagforening & a-kasse" #spiir
  spiir-id: "637371587549476645"
  Assets:Checking:Primary  -1332.00 DKK
  Expenses:Insurance:Union  1332.00 DKK

2020-10-01 * "Kærestekonto" "Dagligvarer" #spiir
  spiir-id: "637371587549476646"
  Assets:Checking:Primary  -2000.00 DKK
  Expenses:Food:Groceries  2000.00 DKK

2020-10-01 * "opsparing" "Anden opsparing" #spiir
  spiir-id: "637371587549476647"
  Assets:Checking:Primary  -5000.00 DKK
  Assets:Savings:Other  5000.00 DKK

2020-10-01 * "Faste Fællesudgifter" "Sundheds- & sygeforsikring" #spiir
  spiir-id: "637371587549476648"
  Assets:Checking:Primary  -500.00 DKK
  Expenses:Insurance:Health  500.00 DKK

2020-10-01 * "Husleje" "Boliglån/husleje" #spiir
  spiir-id: "637371587549476649"
  Assets:Checking:Primary  -5000.00 DKK
  Expenses:House:Mortgage  5000.00 DKK

2020-10-01 * "opsparing" "" #spiir
  spiir-id: "637371588393389647"
  Assets:Checking:Opsparing  5000.00 DKK
  Expenses:Uncategorized  -5000.00 DKK

2020-10-01 * "Faste fællesudgifter" "Sundheds- & sygeforsikring" #spiir
  spiir-id: "637674667688268941"
  Assets:Checking:Fixed  500.00 DKK
  Expenses:Insurance:Health  -500.00 DKK

2020-10-01 * "Fast Overførsel - Patric" "" #spiir
  spiir-id: "637674667688268942"
  Assets:Checking:Fixed  500.00 DKK
  Expenses:Uncategorized  -500.00 DKK

2020-10-02 * "APPLE.COM/BILL\\ \\80249625\\" "Online services & software" #spiir
  spiir-id: "637372384181752670"
  Assets:Checking:Primary  17.00 DKK
  Expenses:Subscriptions:Software  -17.00 DKK

2020-10-02 * "WISH.COM\\ \\+31 203332389\\" "Tøj, sko & accessories" #spiir
  spiir-id: "637372384181752671"
  Assets:Checking:Primary  -30.47 DKK
  Expenses:Shopping:Clothing  30.47 DKK

2020-10-02 * "Amager Strand Apot" "Apotek & medicin" #spiir
  spiir-id: "637372713083656214"
  Assets:Checking:Primary  -134.90 DKK
  Expenses:Health:Pharmacy  134.90 DKK

2020-10-02 * "SILVAN 637 Fisketo" "Ombygning & vedligehold" #spiir
  spiir-id: "637372713083656215"
  Assets:Checking:Primary  -144.90 DKK
  Expenses:House:Renovation  144.90 DKK

2020-10-02 * "telia.dk" "Telefoni & internet" #spiir
  spiir-id: "637674667688268940"
  Assets:Checking:Fixed  -249.00 DKK
  Expenses:Subscriptions:Telecom  249.00 DKK

2020-10-03 * "Kajakhotellet" "Hobby & sportsudstyr" #spiir
  spiir-id: "637374933393456668"
  Assets:Checking:Primary  -599.20 DKK
  Expenses:Shopping:Sports  599.20 DKK

2020-10-03 * "Stark K & M City" "Ombygning & vedligehold" #spiir
  spiir-id: "637374933393456669"
  Assets:Checking:Primary  -46.95 DKK
  Expenses:House:Renovation  46.95 DKK

2020-10-03 * "Copenhagen boulder" "Bar, cafe & restaurant" #spiir
  spiir-id: "637374933393456670"
  Assets:Checking:Primary  -62.00 DKK
  Expenses:Food:Restaurant  62.00 DKK

2020-10-06 * "Netto Landemærket" "Dagligvarer" #spiir
  spiir-id: "637375832458859121"
  Assets:Checking:Primary  -23.90 DKK
  Expenses:Food:Groceries  23.90 DKK

2020-10-06 * "Overførsel" "Bøder & afgifter" #spiir
  spiir-id: "637375832458859122"
  Assets:Checking:Primary  2000.00 DKK
  Expenses:Tax:Fines  -2000.00 DKK

2020-10-06 * "Københavns politi" "Bøder & afgifter" #spiir
  spiir-id: "637375832458859123"
  Assets:Checking:Primary  -2000.00 DKK
  Expenses:Tax:Fines  2000.00 DKK

2020-10-07 * "KICKSTARTER.COM\\ \\HTTPSWWW.KICK\\" "Elektronik & computerudstyr" #spiir
  spiir-id: "637376688849466235"
  Assets:Checking:Primary  -843.34 DKK
  Expenses:Shopping:Electronics  843.34 DKK

2020-10-07 * "APPLE.COM/BILL\\ \\CORK\\" "Online services & software" #spiir
  spiir-id: "637376688849466236"
  Assets:Checking:Primary  -9.00 DKK
  Expenses:Subscriptions:Software  9.00 DKK

2020-10-08 * "Taste of Taiwan R" "Fastfood & takeaway" #spiir
  spiir-id: "637378373317365356"
  Assets:Checking:Primary  -78.00 DKK
  Expenses:Food:Takeaway  78.00 DKK

2020-10-08 * "Beta Boulders Cope" "Bar, cafe & restaurant" #spiir
  spiir-id: "637378373317365357"
  Assets:Checking:Primary  -30.00 DKK
  Expenses:Food:Restaurant  30.00 DKK

2020-10-09 * "WISH.COM\\ \\+31 203332389\\" "Tøj, sko & accessories" #spiir
  spiir-id: "637378373317365354"
  Assets:Checking:Primary  -75.28 DKK
  Expenses:Shopping:Clothing  75.28 DKK

2020-10-09 * "Rejsekort - DSB" "Bus, tog, færge o.l." #spiir
  spiir-id: "637378373317365355"
  Assets:Checking:Primary  -300.00 DKK
  Expenses:Transport:Public  300.00 DKK

2020-10-10 * "WISH.COM\\ \\+31 203332389\\" "Tøj, sko & accessories" #spiir
  spiir-id: "637381037768604174"
  Assets:Checking:Primary  -63.99 DKK
  Expenses:Shopping:Clothing  63.99 DKK

2020-10-10 * "WISH.COM\\ \\+31 203332389\\" "Tøj, sko & accessories" #spiir
  spiir-id: "637381037768604175"
  Assets:Checking:Primary  -18.67 DKK
  Expenses:Shopping:Clothing  18.67 DKK

2020-10-11 * "Beta Boulders Cope" "Bar, cafe & restaurant" #spiir
  spiir-id: "637381037768604173"
  Assets:Checking:Primary  -30.00 DKK
  Expenses:Food:Restaurant  30.00 DKK

2020-10-12 * "Netto Landemærket" "Dagligvarer" #spiir
  spiir-id: "637381735638190900"
  Assets:Checking:Primary  -27.45 DKK
  Expenses:Food:Groceries  27.45 DKK

2020-10-13 * "LADE 609 APS\\ \\KOEBENHAVN SV\\" "Fastfood & takeaway" #spiir
  spiir-id: "637381735638190898"
  Assets:Checking:Primary  -330.00 DKK
  Expenses:Food:Takeaway  330.00 DKK

2020-10-13 * "WISH.COM\\ \\+31 203332389\\" "Tøj, sko & accessories" #spiir
  spiir-id: "637381735638190899"
  Assets:Checking:Primary  -48.06 DKK
  Expenses:Shopping:Clothing  48.06 DKK

2020-10-14 * "Netto Landemærket" "Dagligvarer" #spiir
  spiir-id: "637382727161272585"
  Assets:Checking:Primary  -28.50 DKK
  Expenses:Food:Groceries  28.50 DKK

2020-10-14 * "loebeshop.dk" "Hobby & sportsudstyr" #spiir
  spiir-id: "637382916548565889"
  Assets:Checking:Primary  -208.00 DKK
  Expenses:Shopping:Sports  208.00 DKK

2020-10-15 * "Beta Boulders Cope" "Bar, cafe & restaurant" #spiir
  spiir-id: "637383587492015325"
  Assets:Checking:Primary  -30.00 DKK
  Expenses:Food:Restaurant  30.00 DKK

2020-10-15 * "Beta Boulders Cope" "Bar, cafe & restaurant" #spiir
  spiir-id: "637383587492015326"
  Assets:Checking:Primary  -30.00 DKK
  Expenses:Food:Restaurant  30.00 DKK

2020-10-15 * "MobilePay Mark Ph Jensen" "Ignorer" #spiir
  spiir-id: "637383587492015327"
  Assets:Checking:Primary  -800.00 DKK
  Expenses:Uncategorized  800.00 DKK

2020-10-15 * "Audible*MK3AM02H0\\ \\Amzn.com/bill\\" "Online services & software" #spiir
  spiir-id: "637383587492015328"
  Assets:Checking:Primary  -111.27 DKK
  Expenses:Subscriptions:Software  111.27 DKK

2020-10-15 * "Beta Boulders Cope" "Bar, cafe & restaurant" #spiir
  spiir-id: "637384453021113700"
  Assets:Checking:Primary  -30.00 DKK
  Expenses:Food:Restaurant  30.00 DKK

2020-10-15 * "MobilePay Mark Ph Jensen" "Andre boligudgifter" #spiir
  spiir-id: "637388264195444489"
  Assets:Checking:Primary  -700.00 DKK
  Expenses:House:Other  700.00 DKK

2020-10-15 * "MobilePay Mark Ph Jensen" "Bar, cafe & restaurant" #spiir
  spiir-id: "637388264195444490"
  Assets:Checking:Primary  -100.00 DKK
  Expenses:Food:Restaurant  100.00 DKK

2020-10-17 * "Kvickly Sundby" "Dagligvarer" #spiir
  spiir-id: "637387919633415803"
  Assets:Checking:Primary  -10.00 DKK
  Expenses:Food:Groceries  10.00 DKK

2020-10-17 * "Blue Raven" "Bar, cafe & restaurant" #spiir
  spiir-id: "637387919633415804"
  Assets:Checking:Primary  -230.00 DKK
  Expenses:Food:Restaurant  230.00 DKK

2020-10-17 * "FRUGT OG GRØNT" "Dagligvarer" #spiir
  spiir-id: "637387919633415805"
  Assets:Checking:Primary  -5.00 DKK
  Expenses:Food:Groceries  5.00 DKK

2020-10-17 * "LAUCO TECHNOLOGY\\ \\6268635357\\" "Elektronik & computerudstyr" #spiir
  spiir-id: "637387919633415806"
  Assets:Checking:Primary  -383.23 DKK
  Expenses:Shopping:Electronics  383.23 DKK

2020-10-18 * "MobilePay Børns Vilkår - Landsindsa" "Gaver & velgørenhed" #spiir
  spiir-id: "637387919633415807"
  Assets:Checking:Primary  -50.00 DKK
  Expenses:Gifts  50.00 DKK

2020-10-20 * "RESUNDS SLIK\\ \\KBENHAVN S\\" "Kiosk, bager & specialbutikker" #spiir
  spiir-id: "637387919633415802"
  Assets:Checking:Primary  -45.00 DKK
  Expenses:Food:Kiosk  45.00 DKK

2020-10-20 * "Tandforsikring PR" "" #spiir
  spiir-id: "637674667688268937"
  Assets:Checking:Fixed  -620.00 DKK
  Expenses:Uncategorized  620.00 DKK

2020-10-20 * "Tandforsikring LA" "" #spiir
  spiir-id: "637674667688268938"
  Assets:Checking:Fixed  -620.00 DKK
  Expenses:Uncategorized  620.00 DKK

2020-10-20 * "SpotifySE" "Film, musik & læsestof" #spiir
  spiir-id: "637674667688268939"
  Assets:Checking:Fixed  -124.00 DKK
  Expenses:Entertainment:Media  124.00 DKK

2020-10-23 * "SP * BOULDER DENIM\\ \\PORT MOODY\\" "Tøj, sko & accessories" #spiir
  spiir-id: "637390420682188218"
  Assets:Checking:Primary  -249.24 DKK
  Expenses:Shopping:Clothing  249.24 DKK

2020-10-23 * "Blue Raven" "Bar, cafe & restaurant" #spiir
  spiir-id: "637390822407724783"
  Assets:Checking:Primary  -130.00 DKK
  Expenses:Food:Restaurant  130.00 DKK

2020-10-24 * "WISH.COM\\ \\+31 203332389\\" "Tøj, sko & accessories" #spiir
  spiir-id: "637393136325070581"
  Assets:Checking:Primary  -57.35 DKK
  Expenses:Shopping:Clothing  57.35 DKK

2020-10-27 * "EPAYMENT -INKY\\ \\UPPSALA\\" "Elektronik & computerudstyr" #spiir
  spiir-id: "637394253628829775"
  Assets:Checking:Primary  -209.00 DKK
  Expenses:Shopping:Electronics  209.00 DKK

2020-10-27 * "WISH.COM\\ \\+31 203332389\\" "Tøj, sko & accessories" #spiir
  spiir-id: "637394253628829776"
  Assets:Checking:Primary  -59.99 DKK
  Expenses:Shopping:Clothing  59.99 DKK

2020-10-27 * "SP * SMART COVER\\ \\GALWAY\\" "Tøj, sko & accessories" #spiir
  spiir-id: "637394253628829777"
  Assets:Checking:Primary  -213.03 DKK
  Expenses:Shopping:Clothing  213.03 DKK

2020-10-28 * "CUB COFFEE BAR\\ \\KOBENHAVN K \\" "Bar, cafe & restaurant" #spiir
  spiir-id: "637394669109010306"
  Assets:Checking:Primary  -100.00 DKK
  Expenses:Food:Restaurant  100.00 DKK

2020-10-28 * "WISH.COM\\ \\+31 203332389\\" "Tøj, sko & accessories" #spiir
  spiir-id: "637394669109010307"
  Assets:Checking:Primary  -78.28 DKK
  Expenses:Shopping:Clothing  78.28 DKK

2020-10-28 * "13Z Lifestyle & Vi" "Bar, cafe & restaurant" #spiir
  spiir-id: "637394669109010308"
  Assets:Checking:Primary  -241.00 DKK
  Expenses:Food:Restaurant  241.00 DKK

2020-10-28 * "Til Kærestekonto" "Dagligvarer" #spiir
  spiir-id: "637395525351124691"
  Assets:Checking:Primary  -250.00 DKK
  Expenses:Food:Groceries  250.00 DKK

2020-10-29 * "CUB COFFEE BAR\\ \\KOBENHAVN K \\" "Bar, cafe & restaurant" #spiir
  spiir-id: "637395525351124690"
  Assets:Checking:Primary  -77.00 DKK
  Expenses:Food:Restaurant  77.00 DKK

2020-10-30 * "CUB COFFEE BAR\\ \\KOBENHAVN K \\" "Bar, cafe & restaurant" #spiir
  spiir-id: "637396685089882137"
  Assets:Checking:Primary  -74.00 DKK
  Expenses:Food:Restaurant  74.00 DKK

2020-10-30 * "Fra Berthel Lauri" "Børneopsparing" #spiir
  spiir-id: "637396685089882138"
  Assets:Checking:Primary  50000.00 DKK
  Assets:Savings:Children  -50000.00 DKK

2020-10-30 * "LØNOVERFØRSEL" "Løn" #spiir
  spiir-id: "637396685089882139"
  Assets:Checking:Primary  34339.33 DKK
  Income:Salary  -34339.33 DKK

2020-10-30 * "3´s Kortbetaling" "Telefoni & internet" #spiir
  spiir-id: "637399574260040733"
  Assets:Checking:Primary  -200.00 DKK
  Expenses:Subscriptions:Telecom  200.00 DKK

2020-10-31 * "Røde Kors Butik" "Gaver & velgørenhed" #spiir
  spiir-id: "637399574260040730"
  Assets:Checking:Primary  -70.00 DKK
  Expenses:Gifts  70.00 DKK

2020-10-31 * "Tryg" "Indbo- & familieforsikring" #spiir
  spiir-id: "637399574260040731"
  Assets:Checking:Primary  -599.37 DKK
  Expenses:House:Contents-Insurance  599.37 DKK

2020-10-31 * "Tryg" "Indbo- & familieforsikring" #spiir
  spiir-id: "637399574260040732"
  Assets:Checking:Primary  -518.03 DKK
  Expenses:House:Contents-Insurance  518.03 DKK

2020-11-01 * "smertefrifoedsel.d" "Babyudstyr" #spiir
  spiir-id: "637399574260040729"
  Assets:Checking:Primary  -2395.00 DKK
  Expenses:Kids:Baby  2395.00 DKK

2020-11-02 * "Faste Fællesudgifter" "Sundheds- & sygeforsikring" #spiir
  spiir-id: "637399574259901885"
  Assets:Checking:Primary  -500.00 DKK
  Expenses:Insurance:Health  500.00 DKK

2020-11-02 * "Aldersopsparing" "Pensionsopsparing" #spiir
  spiir-id: "637399574259901886"
  Assets:Checking:Primary  -612.00 DKK
  Assets:Savings:Pension  612.00 DKK

2020-11-02 * "Kærestekonto" "Dagligvarer" #spiir
  spiir-id: "637399574259901887"
  Assets:Checking:Primary  -2000.00 DKK
  Expenses:Food:Groceries  2000.00 DKK

2020-11-02 * "Husleje" "Boliglån/husleje" #spiir
  spiir-id: "637399574259901888"
  Assets:Checking:Primary  -5000.00 DKK
  Expenses:House:Mortgage  5000.00 DKK

2020-11-02 * "opsparing" "Anden opsparing" #spiir
  spiir-id: "637399574259901889"
  Assets:Checking:Primary  -5000.00 DKK
  Assets:Savings:Other  5000.00 DKK

2020-11-02 * "opsparing" "" #spiir
  spiir-id: "637399575351798385"
  Assets:Checking:Opsparing  5000.00 DKK
  Expenses:Uncategorized  -5000.00 DKK

2020-11-02 * "Faste fællesudgifter" "Sundheds- & sygeforsikring" #spiir
  spiir-id: "637674667688268935"
  Assets:Checking:Fixed  500.00 DKK
  Expenses:Insurance:Health  -500.00 DKK

2020-11-02 * "Fast Overførsel - Patric" "" #spiir
  spiir-id: "637674667688268936"
  Assets:Checking:Fixed  500.00 DKK
  Expenses:Uncategorized  -500.00 DKK

2020-11-03 * "telia.dk" "Telefoni & internet" #spiir
  spiir-id: "637674667688268934"
  Assets:Checking:Fixed  -249.00 DKK
  Expenses:Subscriptions:Telecom  249.00 DKK

2020-11-04 * "Greve Apotek" "Apotek & medicin" #spiir
  spiir-id: "637401986881456676"
  Assets:Checking:Primary  -49.05 DKK
  Expenses:Health:Pharmacy  49.05 DKK

2020-11-05 * "Ida Ingeniørfore. i Danm" "Fagforening & a-kasse" #spiir
  spiir-id: "637401986881456675"
  Assets:Checking:Primary  -878.25 DKK
  Expenses:Insurance:Union  878.25 DKK

2020-11-05 * "Til Opsparing" "Anden opsparing" #spiir
  spiir-id: "637402620861158729"
  Assets:Checking:Primary  -50000.00 DKK
  Assets:Savings:Other  50000.00 DKK

2020-11-05 * "P: Mormor og Morfar" "Børneopsparing" #spiir
  spiir-id: "637402620861158730"
  Assets:Checking:Primary  -50000.00 DKK
  Assets:Savings:Children  50000.00 DKK

2020-11-05 * "Fra Primary" "" #spiir
  spiir-id: "637402621165390864"
  Assets:Checking:Opsparing  50000.00 DKK
  Expenses:Uncategorized  -50000.00 DKK

2020-11-06 * "Kop & Kande Greve" "Møbler & boligudstyr" #spiir
  spiir-id: "637402828349736234"
  Assets:Checking:Primary  -19.90 DKK
  Expenses:Shopping:Furniture  19.90 DKK

2020-11-09 * "Rejsekort - DSB" "Bus, tog, færge o.l." #spiir
  spiir-id: "637405050110644183"
  Assets:Checking:Primary  -300.00 DKK
  Expenses:Transport:Public  300.00 DKK

2020-11-09 * "MobilePay Charlotte Kongsmark Fland" "Babyudstyr" #spiir
  spiir-id: "637405401414654246"
  Assets:Checking:Primary  -450.00 DKK
  Expenses:Kids:Baby  450.00 DKK

2020-11-09 * "MobilePay Signe Poulsen" "Boliglån/husleje" #spiir
  spiir-id: "637405401414654247"
  Assets:Checking:Primary  5024.00 DKK
  Expenses:House:Mortgage  -5024.00 DKK

2020-11-11 * "CUB COFFEE BAR\\ \\KOBENHAVN K \\" "Bar, cafe & restaurant" #spiir
  spiir-id: "637406856139844720"
  Assets:Checking:Primary  -85.00 DKK
  Expenses:Food:Restaurant  85.00 DKK

2020-11-11 * "KOP & KANDE / A-Z\\ \\VANLOESE\\" "Møbler & boligudstyr" #spiir
  spiir-id: "637406856139844721"
  Assets:Checking:Primary  -149.95 DKK
  Expenses:Shopping:Furniture  149.95 DKK

2020-11-13 * "EDA KIOSK" "Kiosk, bager & specialbutikker" #spiir
  spiir-id: "637408690783770694"
  Assets:Checking:Primary  -60.00 DKK
  Expenses:Food:Kiosk  60.00 DKK

2020-11-14 * "Kystens Perle" "Bar, cafe & restaurant" #spiir
  spiir-id: "637411216346796962"
  Assets:Checking:Primary  -442.00 DKK
  Expenses:Food:Restaurant  442.00 DKK

2020-11-14 * "Taxa 4 X 35" "Taxi" #spiir
  spiir-id: "637411216346796963"
  Assets:Checking:Primary  -399.00 DKK
  Expenses:Transport:Taxi  399.00 DKK

2020-11-14 * "KICKSTARTER.COM\\ \\HTTPSWWW.KICK\\" "Møbler & boligudstyr" #spiir
  spiir-id: "637411216346796964"
  Assets:Checking:Primary  -2253.74 DKK
  Expenses:Shopping:Furniture  2253.74 DKK

2020-11-14 * "29F APS\\ \\KOBENHAVN N \\" "Bar, cafe & restaurant" #spiir
  spiir-id: "637411216346796965"
  Assets:Checking:Primary  -355.00 DKK
  Expenses:Food:Restaurant  355.00 DKK

2020-11-14 * "BRUS APS\\ \\KOBENHAVN N \\" "Bar, cafe & restaurant" #spiir
  spiir-id: "637411216346796966"
  Assets:Checking:Primary  -100.00 DKK
  Expenses:Food:Restaurant  100.00 DKK

2020-11-15 * "Navneløs Kaffebar" "Bar, cafe & restaurant" #spiir
  spiir-id: "637411216346796961"
  Assets:Checking:Primary  -50.00 DKK
  Expenses:Food:Restaurant  50.00 DKK

2020-11-16 * "Københavns Byret" "Livs- & ulykkesforsikring" #spiir
  spiir-id: "637411405691362008"
  Assets:Checking:Primary  -300.00 DKK
  Expenses:Insurance:Life  300.00 DKK

2020-11-17 * "MCDONALDS KASTRUP\\ \\Kastrup\\" "Fastfood & takeaway" #spiir
  spiir-id: "637412165119148251"
  Assets:Checking:Primary  -27.00 DKK
  Expenses:Food:Takeaway  27.00 DKK

2020-11-17 * "Audible*206XR2ZG1\\ \\Amzn.com/bill\\" "Film, musik & læsestof" #spiir
  spiir-id: "637412165119148252"
  Assets:Checking:Primary  -110.75 DKK
  Expenses:Entertainment:Media  110.75 DKK

2020-11-18 * "MobilePay: Dessouky" "Fastfood & takeaway" #spiir
  spiir-id: "637413879876686338"
  Assets:Checking:Primary  -140.00 DKK
  Expenses:Food:Takeaway  140.00 DKK

2020-11-19 * "Burger King Rådhus" "Fastfood & takeaway" #spiir
  spiir-id: "637414089201823974"
  Assets:Checking:Primary  -39.00 DKK
  Expenses:Food:Takeaway  39.00 DKK

2020-11-19 * "SpotifySE" "Film, musik & læsestof" #spiir
  spiir-id: "637674667688268933"
  Assets:Checking:Fixed  -124.00 DKK
  Expenses:Entertainment:Media  124.00 DKK

2020-11-20 * "PEDERS\\ \\KOBENHAVN K \\" "Tobak & alkohol" #spiir
  spiir-id: "637414752531856824"
  Assets:Checking:Primary  -85.00 DKK
  Expenses:Food:Alcohol  85.00 DKK

2020-11-20 * "PEDERS\\ \\KOBENHAVN K \\" "Tobak & alkohol" #spiir
  spiir-id: "637414752531856825"
  Assets:Checking:Primary  -130.00 DKK
  Expenses:Food:Alcohol  130.00 DKK

2020-11-20 * "PEDERS\\ \\KOBENHAVN K \\" "Tobak & alkohol" #spiir
  spiir-id: "637414752531856826"
  Assets:Checking:Primary  -75.00 DKK
  Expenses:Food:Alcohol  75.00 DKK

2020-11-20 * "Zalando Payments\\ \\Berlin\\" "Gaver & velgørenhed" #spiir
  spiir-id: "637414752531856827"
  Assets:Checking:Primary  -932.00 DKK
  Expenses:Gifts  932.00 DKK

2020-11-22 * "WeShare: Bro" "Gaver & velgørenhed" #spiir
  spiir-id: "637416415539033342"
  Assets:Checking:Primary  863.50 DKK
  Expenses:Gifts  -863.50 DKK

2020-11-22 * "babyalarm + taske" "Babyudstyr" #spiir
  spiir-id: "637417354024414206"
  Assets:Checking:Primary  1794.00 DKK
  Expenses:Kids:Baby  -1794.00 DKK

2020-11-22 * "MobilePay: PostNord Danmark" "Andet privatforbrug" #spiir
  spiir-id: "637417354024414207"
  Assets:Checking:Primary  -50.00 DKK
  Expenses:Shopping:Other  50.00 DKK

2020-11-22 * "MobilePay: Line Stilling" "Hobby & sportsudstyr" #spiir
  spiir-id: "637417354024414208"
  Assets:Checking:Primary  800.00 DKK
  Expenses:Shopping:Sports  -800.00 DKK

2020-11-22 * "MobilePay Klaus Lynghøft Nielsen" "Hobby & sportsudstyr" #spiir
  spiir-id: "637417354024414209"
  Assets:Checking:Primary  700.00 DKK
  Expenses:Shopping:Sports  -700.00 DKK

2020-11-23 * "pixizoo.dk" "Babyudstyr" #spiir
  spiir-id: "637417570982303026"
  Assets:Checking:Primary  -1794.00 DKK
  Expenses:Kids:Baby  1794.00 DKK

2020-11-24 * "CUB COFFEE BAR\\ \\KOBENHAVN K \\" "Bar, cafe & restaurant" #spiir
  spiir-id: "637418236557619912"
  Assets:Checking:Primary  -154.00 DKK
  Expenses:Food:Restaurant  154.00 DKK

2020-11-24 * "DHL Express Denmark A/S \\ \\Vallensbaek \\" "Tøj, sko & accessories" #spiir
  spiir-id: "637418236557619913"
  Assets:Checking:Primary  -164.20 DKK
  Expenses:Shopping:Clothing  164.20 DKK

2020-11-25 * "Til Kærestekonto" "Dagligvarer" #spiir
  spiir-id: "637419666799733616"
  Assets:Checking:Primary  -500.00 DKK
  Expenses:Food:Groceries  500.00 DKK

2020-11-25 * "Blue Raven" "Bar, cafe & restaurant" #spiir
  spiir-id: "637419666799733617"
  Assets:Checking:Primary  -140.00 DKK
  Expenses:Food:Restaurant  140.00 DKK

2020-11-25 * "Blue Raven" "Bar, cafe & restaurant" #spiir
  spiir-id: "637419666799733618"
  Assets:Checking:Primary  -70.00 DKK
  Expenses:Food:Restaurant  70.00 DKK

2020-11-26 * "WISH.COM\\ \\+31 203332389\\" "Tøj, sko & accessories" #spiir
  spiir-id: "637419666799733614"
  Assets:Checking:Primary  -118.63 DKK
  Expenses:Shopping:Clothing  118.63 DKK

2020-11-26 * "CUB COFFEE BAR\\ \\KOBENHAVN K \\" "Bar, cafe & restaurant" #spiir
  spiir-id: "637419666799733615"
  Assets:Checking:Primary  -110.00 DKK
  Expenses:Food:Restaurant  110.00 DKK

2020-11-27 * "Zalando Payments\\ \\Berlin\\" "Gaver & velgørenhed" #spiir
  spiir-id: "637420570668663420"
  Assets:Checking:Primary  932.00 DKK
  Expenses:Gifts  -932.00 DKK

2020-11-27 * "BabySam A/S" "Babyudstyr" #spiir
  spiir-id: "637421484511249276"
  Assets:Checking:Primary  -639.20 DKK
  Expenses:Kids:Baby  639.20 DKK

2020-11-28 * "MobilePay: Orion Madsen" "Bar, cafe & restaurant" #spiir
  spiir-id: "637422414734440992"
  Assets:Checking:Primary  -445.00 DKK
  Expenses:Food:Restaurant  445.00 DKK

2020-11-28 * "LØNOVERFØRSEL" "Løn" #spiir
  spiir-id: "637423558257217476"
  Assets:Checking:Primary  34049.33 DKK
  Income:Salary  -34049.33 DKK

2020-11-30 * "3´s Kortbetaling" "Telefoni & internet" #spiir
  spiir-id: "637424961402363567"
  Assets:Checking:Primary  -287.88 DKK
  Expenses:Subscriptions:Telecom  287.88 DKK

2020-12-01 * "BABYSAM A/S\\ \\KOEBENHAVN S \\" "Babyudstyr" #spiir
  spiir-id: "637424961402363560"
  Assets:Checking:Primary  -263.20 DKK
  Expenses:Kids:Baby  263.20 DKK

2020-12-01 * "Beta Boulders Copenhagen \\ \\Vanloese\\" "Bar, cafe & restaurant" #spiir
  spiir-id: "637424961402363561"
  Assets:Checking:Primary  -30.00 DKK
  Expenses:Food:Restaurant  30.00 DKK

2020-12-01 * "Faste Fællesudgifter" "Sundheds- & sygeforsikring" #spiir
  spiir-id: "637424961402363562"
  Assets:Checking:Primary  -500.00 DKK
  Expenses:Insurance:Health  500.00 DKK

2020-12-01 * "Aldersopsparing" "Pensionsopsparing" #spiir
  spiir-id: "637424961402363563"
  Assets:Checking:Primary  -613.00 DKK
  Assets:Savings:Pension  613.00 DKK

2020-12-01 * "Kærestekonto" "Dagligvarer" #spiir
  spiir-id: "637424961402363564"
  Assets:Checking:Primary  -2000.00 DKK
  Expenses:Food:Groceries  2000.00 DKK

2020-12-01 * "Husleje" "Boliglån/husleje" #spiir
  spiir-id: "637424961402363565"
  Assets:Checking:Primary  -5000.00 DKK
  Expenses:House:Mortgage  5000.00 DKK

2020-12-01 * "opsparing" "Anden opsparing" #spiir
  spiir-id: "637424961402363566"
  Assets:Checking:Primary  -5000.00 DKK
  Assets:Savings:Other  5000.00 DKK

2020-12-01 * "opsparing" "" #spiir
  spiir-id: "637424962231770778"
  Assets:Checking:Opsparing  5000.00 DKK
  Expenses:Uncategorized  -5000.00 DKK

2020-12-01 * "Faste fællesudgifter" "Sundheds- & sygeforsikring" #spiir
  spiir-id: "637674667688268931"
  Assets:Checking:Fixed  500.00 DKK
  Expenses:Insurance:Health  -500.00 DKK

2020-12-01 * "Fast Overførsel - Patric" "" #spiir
  spiir-id: "637674667688268932"
  Assets:Checking:Fixed  500.00 DKK
  Expenses:Uncategorized  -500.00 DKK

2020-12-02 * "VISION DIRECT BV\\ \\AMSTERDAM\\" "Briller & kontaktlinser" #spiir
  spiir-id: "637424961402363558"
  Assets:Checking:Primary  -949.71 DKK
  Expenses:Health:Vision  949.71 DKK

2020-12-02 * "DANSK BRD TAASTRUP IVS\\ \\KBENHAVN S\\" "Kiosk, bager & specialbutikker" #spiir
  spiir-id: "637424961402363559"
  Assets:Checking:Primary  -98.00 DKK
  Expenses:Food:Kiosk  98.00 DKK

2020-12-02 * "Magasin, Kgs Nytor" "Møbler & boligudstyr" #spiir
  spiir-id: "637425903262439075"
  Assets:Checking:Primary  -34.95 DKK
  Expenses:Shopping:Furniture  34.95 DKK

2020-12-02 * "telia.dk" "Telefoni & internet" #spiir
  spiir-id: "637674667688268930"
  Assets:Checking:Fixed  -249.00 DKK
  Expenses:Subscriptions:Telecom  249.00 DKK

2020-12-03 * "CUB COFFEE BAR\\ \\KOBENHAVN K \\" "Bar, cafe & restaurant" #spiir
  spiir-id: "637425903262439074"
  Assets:Checking:Primary  -174.00 DKK
  Expenses:Food:Restaurant  174.00 DKK

2020-12-04 * "dpj-workspace.co\\ \\Stockholm\\" "Møbler & boligudstyr" #spiir
  spiir-id: "637426866338357716"
  Assets:Checking:Primary  -3250.00 DKK
  Expenses:Shopping:Furniture  3250.00 DKK

2020-12-04 * "MobilePay: Michelle de Marée" "Bar, cafe & restaurant" #spiir
  spiir-id: "637427620686741634"
  Assets:Checking:Primary  375.00 DKK
  Expenses:Food:Restaurant  -375.00 DKK

2020-12-04 * "Open Faced ApS" "Bar, cafe & restaurant" #spiir
  spiir-id: "637429444991766251"
  Assets:Checking:Primary  -745.00 DKK
  Expenses:Food:Restaurant  745.00 DKK

2020-12-05 * "Rejsekort - DSB" "Bus, tog, færge o.l." #spiir
  spiir-id: "637429444991766250"
  Assets:Checking:Primary  -300.00 DKK
  Expenses:Transport:Public  300.00 DKK

2020-12-06 * "Hart Bageri" "Kiosk, bager & specialbutikker" #spiir
  spiir-id: "637429444991766249"
  Assets:Checking:Primary  -162.00 DKK
  Expenses:Food:Kiosk  162.00 DKK

2020-12-08 * "PEOPLE LIKE US\\ \\KOBENHAVN S \\" "Tobak & alkohol" #spiir
  spiir-id: "637430298951066581"
  Assets:Checking:Primary  -40.00 DKK
  Expenses:Food:Alcohol  40.00 DKK

2020-12-08 * "PEOPLE LIKE US\\ \\KOBENHAVN S \\" "Tobak & alkohol" #spiir
  spiir-id: "637430298951066582"
  Assets:Checking:Primary  -130.00 DKK
  Expenses:Food:Alcohol  130.00 DKK

2020-12-09 * "CUB COFFEE BAR\\ \\KOBENHAVN K \\" "Bar, cafe & restaurant" #spiir
  spiir-id: "637431220073576519"
  Assets:Checking:Primary  -100.00 DKK
  Expenses:Food:Restaurant  100.00 DKK

2020-12-10 * "Annual Card Fee" "Bankgebyrer" #spiir
  spiir-id: "637674667688268929"
  Assets:Checking:Fixed  -60.00 DKK
  Expenses:Bank:Fees  60.00 DKK

2020-12-12 * "HALALSLAGTER" "Dagligvarer" #spiir
  spiir-id: "637435303949921208"
  Assets:Checking:Primary  -80.00 DKK
  Expenses:Food:Groceries  80.00 DKK

2020-12-14 * "MobilePay Jens Jessing Pedersen" "Babyudstyr" #spiir
  spiir-id: "637436265891075448"
  Assets:Checking:Primary  -2000.00 DKK
  Expenses:Kids:Baby  2000.00 DKK

2020-12-15 * "CUB COFFEE BAR\\ \\KOBENHAVN K \\" "Bar, cafe & restaurant" #spiir
  spiir-id: "637436265891075444"
  Assets:Checking:Primary  -64.00 DKK
  Expenses:Food:Restaurant  64.00 DKK

2020-12-15 * "AMZN Mktp DE*MS47I3034\\ \\AMAZON.DE\\" "Gaver & velgørenhed" #spiir
  spiir-id: "637436265891075445"
  Assets:Checking:Primary  -1223.79 DKK
  Expenses:Gifts  1223.79 DKK

2020-12-15 * "ROAST COFFEE A\\ \\KOBENHAVN S \\" "Bar, cafe & restaurant" #spiir
  spiir-id: "637436265891075446"
  Assets:Checking:Primary  -38.00 DKK
  Expenses:Food:Restaurant  38.00 DKK

2020-12-15 * "Audible*QT7070ZP3\\ \\Amzn.com/bill\\" "Film, musik & læsestof" #spiir
  spiir-id: "637436265891075447"
  Assets:Checking:Primary  -107.83 DKK
  Expenses:Entertainment:Media  107.83 DKK

2020-12-15 * "Netto Backersvej" "Dagligvarer" #spiir
  spiir-id: "637437208835471255"
  Assets:Checking:Primary  -46.25 DKK
  Expenses:Food:Groceries  46.25 DKK

2020-12-16 * "LULULEMON ATHLETICA CH GM\\ \\Zuerich\\" "Tøj, sko & accessories" #spiir
  spiir-id: "637437208835471254"
  Assets:Checking:Primary  -1027.58 DKK
  Expenses:Shopping:Clothing  1027.58 DKK

2020-12-18 * "AMZN Mktp DE*MS3CL6BL4\\ \\AMAZON.DE\\" "Gaver & velgørenhed" #spiir
  spiir-id: "637438841847170348"
  Assets:Checking:Primary  -536.20 DKK
  Expenses:Gifts  536.20 DKK

2020-12-18 * "CUB COFFEE BAR\\ \\KOBENHAVN K \\" "Bar, cafe & restaurant" #spiir
  spiir-id: "637438841847170349"
  Assets:Checking:Primary  -110.00 DKK
  Expenses:Food:Restaurant  110.00 DKK

2020-12-19 * "MobilePay Mark Ph Jensen" "Gaver & velgørenhed" #spiir
  spiir-id: "637440542416615477"
  Assets:Checking:Primary  500.00 DKK
  Expenses:Gifts  -500.00 DKK

2020-12-19 * "KIHOSKH A/S" "Kiosk, bager & specialbutikker" #spiir
  spiir-id: "637441463508968037"
  Assets:Checking:Primary  -421.00 DKK
  Expenses:Food:Kiosk  421.00 DKK

2020-12-19 * "Strædets Guld og S" "Gaver & velgørenhed" #spiir
  spiir-id: "637441463508968038"
  Assets:Checking:Primary  -500.00 DKK
  Expenses:Gifts  500.00 DKK

2020-12-21 * "INGO København, He" "Brændstof" #spiir
  spiir-id: "637441463508968036"
  Assets:Checking:Primary  -99.90 DKK
  Expenses:Car:Gas  99.90 DKK

2020-12-21 * "SpotifySE" "Film, musik & læsestof" #spiir
  spiir-id: "637674667688268928"
  Assets:Checking:Fixed  -124.00 DKK
  Expenses:Entertainment:Media  124.00 DKK

2020-12-22 * "AMZN Mktp DE*MS5X77KG4\\ \\800-279-6620 \\" "Gaver & velgørenhed" #spiir
  spiir-id: "637442430774023943"
  Assets:Checking:Primary  -421.47 DKK
  Expenses:Gifts  421.47 DKK

2020-12-22 * "ROAST COFFEE A\\ \\KOBENHAVN S \\" "Bar, cafe & restaurant" #spiir
  spiir-id: "637442430774023944"
  Assets:Checking:Primary  -88.00 DKK
  Expenses:Food:Restaurant  88.00 DKK

2020-12-22 * "GOMORE\\ \\COPENHAGEN K \\" "Bus, tog, færge o.l." #spiir
  spiir-id: "637442430774023945"
  Assets:Checking:Primary  -389.00 DKK
  Expenses:Transport:Public  389.00 DKK

2020-12-23 * "Til Kærestekonto" "Dagligvarer" #spiir
  spiir-id: "637443308672482000"
  Assets:Checking:Primary  -500.00 DKK
  Expenses:Food:Groceries  500.00 DKK

2020-12-23 * "INTERNETSTORES\\ \\ESSLINGEN\\" "Tøj, sko & accessories" #spiir
  spiir-id: "637443308672482001"
  Assets:Checking:Primary  -538.00 DKK
  Expenses:Shopping:Clothing  538.00 DKK

2020-12-23 * "Taste of Taiwan R" "Fastfood & takeaway" #spiir
  spiir-id: "637443308672482002"
  Assets:Checking:Primary  -46.00 DKK
  Expenses:Food:Takeaway  46.00 DKK

2020-12-23 * "Diana's Bageri" "Kiosk, bager & specialbutikker" #spiir
  spiir-id: "637443308672482003"
  Assets:Checking:Primary  -20.00 DKK
  Expenses:Food:Kiosk  20.00 DKK

2020-12-25 * "Rema 1000, Erritsø" "Dagligvarer" #spiir
  spiir-id: "637447532092942187"
  Assets:Checking:Primary  -198.74 DKK
  Expenses:Food:Groceries  198.74 DKK

2020-12-25 * "Storebæltsforbinde" "Bus, tog, færge o.l." #spiir
  spiir-id: "637447532092942188"
  Assets:Checking:Primary  -245.00 DKK
  Expenses:Transport:Public  245.00 DKK

2020-12-25 * "Emmerys (390 NP)" "Kiosk, bager & specialbutikker" #spiir
  spiir-id: "637447532092942189"
  Assets:Checking:Primary  -36.00 DKK
  Expenses:Food:Kiosk  36.00 DKK

2020-12-26 * "Til Kærestekonto" "Dagligvarer" #spiir
  spiir-id: "637446581632731461"
  Assets:Checking:Primary  -500.00 DKK
  Expenses:Food:Groceries  500.00 DKK

2020-12-27 * "ratepension" "Pensionsopsparing" #spiir
  spiir-id: "637447532791418381"
  Assets:Checking:Opsparing  -35000.00 DKK
  Assets:Savings:Pension  35000.00 DKK

2020-12-30 * "LØNOVERFØRSEL" "Løn" #spiir
  spiir-id: "637449273579549881"
  Assets:Checking:Primary  34049.33 DKK
  Income:Salary  -34049.33 DKK

2020-12-30 * "3´s Kortbetaling" "Telefoni & internet" #spiir
  spiir-id: "637453530036067563"
  Assets:Checking:Primary  -284.96 DKK
  Expenses:Subscriptions:Telecom  284.96 DKK

2020-12-31 * "Akademikernes A-Kasse" "Fagforening & a-kasse" #spiir
  spiir-id: "637453530036067561"
  Assets:Checking:Primary  -1401.00 DKK
  Expenses:Insurance:Union  1401.00 DKK

2020-12-31 * "Tryg" "Indbo- & familieforsikring" #spiir
  spiir-id: "637453530036067562"
  Assets:Checking:Primary  -848.63 DKK
  Expenses:House:Contents-Insurance  848.63 DKK

