; Spiir import for 2021
; Generated by import_spiir.py

2021-07-25 * "Opening Balance" "" #spiir
  Assets:Checking:Dagligvarer  1364.75 DKK
  Equity:Opening-Balances  -1364.75 DKK

2021-01-01 * "Rente" "Udlånsrenter" #spiir
  spiir-id: "637451043045972684"
  Assets:Checking:Opsparing  86.11 DKK
  Expenses:Loans:Interest  -86.11 DKK

2021-01-03 * "Q8 Service - 8193" "Brændstof" #spiir
  spiir-id: "637453530036067560"
  Assets:Checking:Primary  -69.00 DKK
  Expenses:Car:Gas  69.00 DKK

2021-01-03 * "MobilePay Maria Hougaard" "Møbler & boligudstyr" #spiir
  spiir-id: "637453530036067564"
  Assets:Checking:Primary  -400.00 DKK
  Expenses:Shopping:Furniture  400.00 DKK

2021-01-04 * "iCloud Fastefæll.udgifte" "Online services & software" #spiir
  spiir-id: "637453530036067553"
  Assets:Checking:Primary  69.00 DKK
  Expenses:Subscriptions:Software  -69.00 DKK

2021-01-04 * "Faste Fællesudgifter" "Sundheds- & sygeforsikring" #spiir
  spiir-id: "637453530036067554"
  Assets:Checking:Primary  -500.00 DKK
  Expenses:Insurance:Health  500.00 DKK

2021-01-04 * "Aldersopsparing" "Pensionsopsparing" #spiir
  spiir-id: "637453530036067555"
  Assets:Checking:Primary  -5300.00 DKK
  Assets:Savings:Pension  5300.00 DKK

2021-01-04 * "Kærestekonto" "Dagligvarer" #spiir
  spiir-id: "637453530036067556"
  Assets:Checking:Primary  -2000.00 DKK
  Expenses:Food:Groceries  2000.00 DKK

2021-01-04 * "Husleje" "Boliglån/husleje" #spiir
  spiir-id: "637453530036067557"
  Assets:Checking:Primary  -5000.00 DKK
  Expenses:House:Mortgage  5000.00 DKK

2021-01-04 * "opsparing" "Anden opsparing" #spiir
  spiir-id: "637453530036067558"
  Assets:Checking:Primary  -5000.00 DKK
  Assets:Savings:Other  5000.00 DKK

2021-01-04 * "INGO København, He" "Brændstof" #spiir
  spiir-id: "637453530036067559"
  Assets:Checking:Primary  -261.74 DKK
  Expenses:Car:Gas  261.74 DKK

2021-01-04 * "opsparing" "" #spiir
  spiir-id: "637453530760623311"
  Assets:Checking:Opsparing  5000.00 DKK
  Expenses:Uncategorized  -5000.00 DKK

2021-01-04 * "Aldersopsparing" "Pensionsopsparing" #spiir
  spiir-id: "637454337246047622"
  Assets:Checking:Primary  -100.00 DKK
  Assets:Savings:Pension  100.00 DKK

2021-01-04 * "Q8 Service" "Brændstof" #spiir
  spiir-id: "637454337246047623"
  Assets:Checking:Primary  -114.87 DKK
  Expenses:Car:Gas  114.87 DKK

2021-01-04 * "iCloud" "Online services & software" #spiir
  spiir-id: "637674667688268924"
  Assets:Checking:Fixed  -69.00 DKK
  Expenses:Subscriptions:Software  69.00 DKK

2021-01-04 * "Faste fællesudgifter" "Sundheds- & sygeforsikring" #spiir
  spiir-id: "637674667688268925"
  Assets:Checking:Fixed  500.00 DKK
  Expenses:Insurance:Health  -500.00 DKK

2021-01-04 * "Fast Overførsel - Patric" "Sundheds- & sygeforsikring" #spiir
  spiir-id: "637674667688268926"
  Assets:Checking:Fixed  500.00 DKK
  Expenses:Insurance:Health  -500.00 DKK

2021-01-04 * "Tryg" "Indbo- & familieforsikring" #spiir
  spiir-id: "637674667688268927"
  Assets:Checking:Fixed  -1633.17 DKK
  Expenses:House:Contents-Insurance  1633.17 DKK

2021-01-05 * "Wolt\\ \\Helsinki\\" "Fastfood & takeaway" #spiir
  spiir-id: "637454337246047621"
  Assets:Checking:Primary  -238.00 DKK
  Expenses:Food:Takeaway  238.00 DKK

2021-01-05 * "telia.dk" "Telefoni & internet" #spiir
  spiir-id: "637674667688268923"
  Assets:Checking:Fixed  -257.30 DKK
  Expenses:Subscriptions:Telecom  257.30 DKK

2021-01-06 * "MobilePay Ruth madsen" "Gaver & velgørenhed" #spiir
  spiir-id: "637455332923634669"
  Assets:Checking:Primary  500.00 DKK
  Expenses:Gifts  -500.00 DKK

2021-01-06 * "CUB COFFEE BAR\\ \\KOBENHAVN K \\" "Bar, cafe & restaurant" #spiir
  spiir-id: "637455332923634670"
  Assets:Checking:Primary  -110.00 DKK
  Expenses:Food:Restaurant  110.00 DKK

2021-01-06 * "KIHOSKH A/S" "Tobak & alkohol" #spiir
  spiir-id: "637455696986300286"
  Assets:Checking:Primary  -478.00 DKK
  Expenses:Food:Alcohol  478.00 DKK

2021-01-08 * "WeShare: Bro" "Gaver & velgørenhed" #spiir
  spiir-id: "637457051929649297"
  Assets:Checking:Primary  269.00 DKK
  Expenses:Gifts  -269.00 DKK

2021-01-08 * "Wolt\\ \\Helsinki\\" "Fastfood & takeaway" #spiir
  spiir-id: "637457051929649298"
  Assets:Checking:Primary  -218.00 DKK
  Expenses:Food:Takeaway  218.00 DKK

2021-01-12 * "KICKSTARTER.COM\\ \\HTTPSWWW.KICK\\" "Tøj, sko & accessories" #spiir
  spiir-id: "637460438791860942"
  Assets:Checking:Primary  -273.81 DKK
  Expenses:Shopping:Clothing  273.81 DKK

2021-01-12 * "MobilePay Mette Thielsen Weinkauf" "Babyudstyr" #spiir
  spiir-id: "637461221348716314"
  Assets:Checking:Primary  -90.00 DKK
  Expenses:Kids:Baby  90.00 DKK

2021-01-14 * "membantu.dk" "Babyudstyr" #spiir
  spiir-id: "637462289724585010"
  Assets:Checking:Primary  -348.00 DKK
  Expenses:Kids:Baby  348.00 DKK

2021-01-14 * "1PASSWORD* TRIAL OVER\\ \\TORONTO\\" "Online services & software" #spiir
  spiir-id: "637462289724585011"
  Assets:Checking:Primary  -280.42 DKK
  Expenses:Subscriptions:Software  280.42 DKK

2021-01-14 * "MobilePay Line Nolting" "Babyudstyr" #spiir
  spiir-id: "637463068915194282"
  Assets:Checking:Primary  -395.00 DKK
  Expenses:Kids:Baby  395.00 DKK

2021-01-14 * "ASK Saxo skat" "Restskat" #spiir
  spiir-id: "637463068915194283"
  Assets:Checking:Primary  -2088.67 DKK
  Expenses:Tax:Back-Tax  2088.67 DKK

2021-01-15 * "Audible*LR73A85M3\\ \\Amzn.com/bill\\" "Online services & software" #spiir
  spiir-id: "637463068915194281"
  Assets:Checking:Primary  -107.47 DKK
  Expenses:Subscriptions:Software  107.47 DKK

2021-01-16 * "CUB COFFEE BAR\\ \\KOBENHAVN K \\" "Bar, cafe & restaurant" #spiir
  spiir-id: "637465597204367336"
  Assets:Checking:Primary  -37.00 DKK
  Expenses:Food:Restaurant  37.00 DKK

2021-01-19 * "Sønderbro Apotek" "Apotek & medicin" #spiir
  spiir-id: "637466666859073383"
  Assets:Checking:Primary  -40.00 DKK
  Expenses:Health:Pharmacy  40.00 DKK

2021-01-19 * "Saxo ASK - SKAT" "Restskat" #spiir
  spiir-id: "637466666859073384"
  Assets:Checking:Primary  -2088.67 DKK
  Expenses:Tax:Back-Tax  2088.67 DKK

2021-01-19 * "ALBASRA MARKED\\ \\KBENHAVN S\\" "Dagligvarer" #spiir
  spiir-id: "637466666859073385"
  Assets:Checking:Primary  -81.00 DKK
  Expenses:Food:Groceries  81.00 DKK

2021-01-19 * "SP * MERIDIANGROOMING\\ \\HTTPSMERIDIAN\\" "Elektronik & computerudstyr" #spiir
  spiir-id: "637466666859073386"
  Assets:Checking:Primary  -420.73 DKK
  Expenses:Shopping:Electronics  420.73 DKK

2021-01-19 * "SHIXINETWOR SH\\ \\4029357733\\" "Møbler & boligudstyr" #spiir
  spiir-id: "637466666859073387"
  Assets:Checking:Primary  -157.07 DKK
  Expenses:Shopping:Furniture  157.07 DKK

2021-01-19 * "SpotifySE" "Film, musik & læsestof" #spiir
  spiir-id: "637674667688268922"
  Assets:Checking:Fixed  -124.00 DKK
  Expenses:Entertainment:Media  124.00 DKK

2021-01-20 * "KICKSTARTER.COM\\ \\HTTPSWWW.KICK\\" "Tøj, sko & accessories" #spiir
  spiir-id: "637467503577556380"
  Assets:Checking:Primary  -220.37 DKK
  Expenses:Shopping:Clothing  220.37 DKK

2021-01-21 * "Tandlæge Marie Sch" "Behandling & læger" #spiir
  spiir-id: "637468399937640693"
  Assets:Checking:Primary  -765.83 DKK
  Expenses:Health:Doctor  765.83 DKK

2021-01-21 * "PLAYSTATIONNETWORK\\ \\LONDON\\" "Spil & legetøj" #spiir
  spiir-id: "637468399937640694"
  Assets:Checking:Primary  -109.00 DKK
  Expenses:Kids:Toys  109.00 DKK

2021-01-25 * "Tandlæge Marie Sch" "Behandling & læger" #spiir
  spiir-id: "637472107128438812"
  Assets:Checking:Primary  -3840.00 DKK
  Expenses:Health:Doctor  3840.00 DKK

2021-01-26 * "PlaystationNetwork\\ \\LONDON\\" "Spil & legetøj" #spiir
  spiir-id: "637472433157631539"
  Assets:Checking:Primary  -43.80 DKK
  Expenses:Kids:Toys  43.80 DKK

2021-01-26 * "ROAST COFFEE A\\ \\KOBENHAVN S \\" "Bar, cafe & restaurant" #spiir
  spiir-id: "637472433157631540"
  Assets:Checking:Primary  -126.00 DKK
  Expenses:Food:Restaurant  126.00 DKK

2021-01-28 * "PlaystationNetwork\\ \\LONDON\\" "Spil & legetøj" #spiir
  spiir-id: "637474378865936304"
  Assets:Checking:Primary  -149.60 DKK
  Expenses:Kids:Toys  149.60 DKK

2021-01-28 * "MobilePay Peter Wolffbrandt" "Tøj, sko & accessories" #spiir
  spiir-id: "637475109268348072"
  Assets:Checking:Primary  -150.00 DKK
  Expenses:Shopping:Clothing  150.00 DKK

2021-01-29 * "WWW ZALANDO DK\\ \\BERLIN\\" "Tøj, sko & accessories" #spiir
  spiir-id: "637475109268348070"
  Assets:Checking:Primary  -838.00 DKK
  Expenses:Shopping:Clothing  838.00 DKK

2021-01-29 * "LØNOVERFØRSEL" "Løn" #spiir
  spiir-id: "637475109268348071"
  Assets:Checking:Primary  35485.33 DKK
  Income:Salary  -35485.33 DKK

2021-01-29 * "Netto Backersvej" "Dagligvarer" #spiir
  spiir-id: "637475330599895451"
  Assets:Checking:Primary  -129.75 DKK
  Expenses:Food:Groceries  129.75 DKK

2021-01-29 * "MobilePay Mark Ph Jensen" "Gaver & velgørenhed" #spiir
  spiir-id: "637475454164774211"
  Assets:Checking:Primary  -538.00 DKK
  Expenses:Gifts  538.00 DKK

2021-01-29 * "3´s Kortbetaling" "Telefoni & internet" #spiir
  spiir-id: "637477944952624985"
  Assets:Checking:Primary  -255.42 DKK
  Expenses:Subscriptions:Telecom  255.42 DKK

2021-01-31 * "MobilePay: Dessouky" "Fastfood & takeaway" #spiir
  spiir-id: "637477944952624986"
  Assets:Checking:Primary  190.00 DKK
  Expenses:Food:Takeaway  -190.00 DKK

2021-01-31 * "MobilePay: Dan Meakin" "Bar, cafe & restaurant" #spiir
  spiir-id: "637477944952624987"
  Assets:Checking:Primary  235.00 DKK
  Expenses:Food:Restaurant  -235.00 DKK

2021-02-01 * "Retur uanbringelige udb" "Anden indkomst" #spiir
  spiir-id: "637477944952624979"
  Assets:Checking:Primary  2088.67 DKK
  Income:Other  -2088.67 DKK

2021-02-01 * "Faste Fællesudgifter" "Sundheds- & sygeforsikring" #spiir
  spiir-id: "637477944952624980"
  Assets:Checking:Primary  -500.00 DKK
  Expenses:Insurance:Health  500.00 DKK

2021-02-01 * "Kærestekonto" "Dagligvarer" #spiir
  spiir-id: "637477944952624981"
  Assets:Checking:Primary  -2000.00 DKK
  Expenses:Food:Groceries  2000.00 DKK

2021-02-01 * "Husleje" "Boliglån/husleje" #spiir
  spiir-id: "637477944952624982"
  Assets:Checking:Primary  -5000.00 DKK
  Expenses:House:Mortgage  5000.00 DKK

2021-02-01 * "opsparing" "Anden opsparing" #spiir
  spiir-id: "637477944952624983"
  Assets:Checking:Primary  -5000.00 DKK
  Assets:Savings:Other  5000.00 DKK

2021-02-01 * "iCloud Fastefæll.udgifte" "Online services & software" #spiir
  spiir-id: "637477944952624984"
  Assets:Checking:Primary  69.00 DKK
  Expenses:Subscriptions:Software  -69.00 DKK

2021-02-01 * "opsparing" "" #spiir
  spiir-id: "637477946218449562"
  Assets:Checking:Opsparing  5000.00 DKK
  Expenses:Uncategorized  -5000.00 DKK

2021-02-01 * "Faste fællesudgifter" "Sundheds- & sygeforsikring" #spiir
  spiir-id: "637674667688268916"
  Assets:Checking:Fixed  500.00 DKK
  Expenses:Insurance:Health  -500.00 DKK

2021-02-01 * "Fast Overførsel - Patric" "Sundheds- & sygeforsikring" #spiir
  spiir-id: "637674667688268917"
  Assets:Checking:Fixed  500.00 DKK
  Expenses:Insurance:Health  -500.00 DKK

2021-02-01 * "iCloud" "Online services & software" #spiir
  spiir-id: "637674667688268918"
  Assets:Checking:Fixed  -69.00 DKK
  Expenses:Subscriptions:Software  69.00 DKK

2021-02-01 * "Tryg" "Indbo- & familieforsikring" #spiir
  spiir-id: "637674667688268919"
  Assets:Checking:Fixed  -161.15 DKK
  Expenses:House:Contents-Insurance  161.15 DKK

2021-02-01 * "Tryg" "Indbo- & familieforsikring" #spiir
  spiir-id: "637674667688268920"
  Assets:Checking:Fixed  -529.15 DKK
  Expenses:House:Contents-Insurance  529.15 DKK

2021-02-01 * "Tryg" "Indbo- & familieforsikring" #spiir
  spiir-id: "637674667688268921"
  Assets:Checking:Fixed  -661.51 DKK
  Expenses:House:Contents-Insurance  661.51 DKK

2021-02-02 * "PlaystationNetwork\\ \\London\\" "Spil & legetøj" #spiir
  spiir-id: "637478639257341103"
  Assets:Checking:Primary  -52.15 DKK
  Expenses:Kids:Toys  52.15 DKK

2021-02-02 * "PLAYSTATIONNETWORK\\ \\LONDON\\" "Spil & legetøj" #spiir
  spiir-id: "637478639257341104"
  Assets:Checking:Primary  -117.48 DKK
  Expenses:Kids:Toys  117.48 DKK

2021-02-02 * "POPL BURGER\\ \\KBENHAVNK\\" "Fastfood & takeaway" #spiir
  spiir-id: "637478639257341105"
  Assets:Checking:Primary  -785.00 DKK
  Expenses:Food:Takeaway  785.00 DKK

2021-02-02 * "INTERNETSTORES\\ \\ESSLINGEN\\" "Gaver & velgørenhed" #spiir
  spiir-id: "637478639257341106"
  Assets:Checking:Primary  538.00 DKK
  Expenses:Gifts  -538.00 DKK

2021-02-02 * "SP * MERIDIANGROOMING\\ \\HTTPSMERIDIAN\\" "Elektronik & computerudstyr" #spiir
  spiir-id: "637478639257341107"
  Assets:Checking:Primary  -242.92 DKK
  Expenses:Shopping:Electronics  242.92 DKK

2021-02-02 * "PEOPLE LIKE US\\ \\KOBENHAVN S \\" "Tobak & alkohol" #spiir
  spiir-id: "637478639257341108"
  Assets:Checking:Primary  -300.00 DKK
  Expenses:Food:Alcohol  300.00 DKK

2021-02-02 * "telia.dk" "Telefoni & internet" #spiir
  spiir-id: "637674667688268915"
  Assets:Checking:Fixed  -249.00 DKK
  Expenses:Subscriptions:Telecom  249.00 DKK

2021-02-03 * "7-Eleven B 086" "Kiosk, bager & specialbutikker" #spiir
  spiir-id: "637479515101740658"
  Assets:Checking:Primary  -82.00 DKK
  Expenses:Food:Kiosk  82.00 DKK

2021-02-03 * "GOMORE\\ \\COPENHAGEN K \\" "Anden transport" #spiir
  spiir-id: "637479515101740659"
  Assets:Checking:Primary  -1090.00 DKK
  Expenses:Transport:Other  1090.00 DKK

2021-02-05 * "GOMORE\\ \\COPENHAGEN K \\" "Anden transport" #spiir
  spiir-id: "637481305374758803"
  Assets:Checking:Primary  -393.00 DKK
  Expenses:Transport:Other  393.00 DKK

2021-02-05 * "Ida Ingeniørfore. i Danm" "Fagforening & a-kasse" #spiir
  spiir-id: "637481305374758804"
  Assets:Checking:Primary  -878.25 DKK
  Expenses:Insurance:Union  878.25 DKK

2021-02-06 * "Amager Strand Apot" "Apotek & medicin" #spiir
  spiir-id: "637483789793183914"
  Assets:Checking:Primary  -344.00 DKK
  Expenses:Health:Pharmacy  344.00 DKK

2021-02-06 * "CUB COFFEE BAR\\ \\KOBENHAVN K \\" "Bar, cafe & restaurant" #spiir
  spiir-id: "637483789793183915"
  Assets:Checking:Primary  -120.00 DKK
  Expenses:Food:Restaurant  120.00 DKK

2021-02-06 * "INGO København, He" "Brændstof" #spiir
  spiir-id: "637483789793183916"
  Assets:Checking:Primary  -160.86 DKK
  Expenses:Car:Gas  160.86 DKK

2021-02-08 * "Refusion fra DT" "Behandling & læger" #spiir
  spiir-id: "637483789793183913"
  Assets:Checking:Primary  2555.83 DKK
  Expenses:Health:Doctor  -2555.83 DKK

2021-02-08 * "Amager Strand Apot" "Apotek & medicin" #spiir
  spiir-id: "637484634003594716"
  Assets:Checking:Primary  -209.95 DKK
  Expenses:Health:Pharmacy  209.95 DKK

2021-02-09 * "CUB COFFEE BAR\\ \\KOBENHAVN K \\" "Bar, cafe & restaurant" #spiir
  spiir-id: "637484634003594715"
  Assets:Checking:Primary  -64.00 DKK
  Expenses:Food:Restaurant  64.00 DKK

2021-02-09 * "Amager Strand Apot" "Apotek & medicin" #spiir
  spiir-id: "637484784780191461"
  Assets:Checking:Primary  -31.30 DKK
  Expenses:Health:Pharmacy  31.30 DKK

2021-02-11 * "MobilePay Jan Dalsgaard" "Gaver & velgørenhed" #spiir
  spiir-id: "637487247014220520"
  Assets:Checking:Primary  -500.00 DKK
  Expenses:Gifts  500.00 DKK

2021-02-12 * "CUB COFFEE BAR\\ \\KOBENHAVN K \\" "Bar, cafe & restaurant" #spiir
  spiir-id: "637487247014220519"
  Assets:Checking:Primary  -200.00 DKK
  Expenses:Food:Restaurant  200.00 DKK

2021-02-12 * "MobilePay Emil Hovgaard" "Elektronik & computerudstyr" #spiir
  spiir-id: "637487610600266949"
  Assets:Checking:Primary  -3000.00 DKK
  Expenses:Shopping:Electronics  3000.00 DKK

2021-02-14 * "MobilePay: Mark Ph Jensen" "Brændstof" #spiir
  spiir-id: "637489708037724144"
  Assets:Checking:Primary  -595.00 DKK
  Expenses:Car:Gas  595.00 DKK

2021-02-15 * "Saxo Bank ASK" "Værdipapirshandel" #spiir
  spiir-id: "637490644156103038"
  Assets:Checking:Primary  -2300.00 DKK
  Assets:Savings:Investments  2300.00 DKK

2021-02-16 * "Audible*T974D4QP3\\ \\Amzn.com/bill\\" "Online services & software" #spiir
  spiir-id: "637490644156103037"
  Assets:Checking:Primary  -107.95 DKK
  Expenses:Subscriptions:Software  107.95 DKK

2021-02-17 * "MobilePay Annette Holmgaard Laugese" "Elektronik & computerudstyr" #spiir
  spiir-id: "637491831620721192"
  Assets:Checking:Primary  -800.00 DKK
  Expenses:Shopping:Electronics  800.00 DKK

2021-02-19 * "PITNEYBOWES EB\\ \\35314369001 \\" "Elektronik & computerudstyr" #spiir
  spiir-id: "637493178903193492"
  Assets:Checking:Primary  291.37 DKK
  Expenses:Shopping:Electronics  -291.37 DKK

2021-02-19 * "BESTOFFICE EBA\\ \\35314369001 \\" "Elektronik & computerudstyr" #spiir
  spiir-id: "637493178903193493"
  Assets:Checking:Primary  -800.52 DKK
  Expenses:Shopping:Electronics  800.52 DKK

2021-02-19 * "PITNEYBOWES EB\\ \\35314369001 \\" "Elektronik & computerudstyr" #spiir
  spiir-id: "637493178903193494"
  Assets:Checking:Primary  -291.37 DKK
  Expenses:Shopping:Electronics  291.37 DKK

2021-02-19 * "BESTOFFICE EBA\\ \\35314369001 \\" "Elektronik & computerudstyr" #spiir
  spiir-id: "637493178903193495"
  Assets:Checking:Primary  800.52 DKK
  Expenses:Shopping:Electronics  -800.52 DKK

2021-02-19 * "Til Kærestekonto" "Dagligvarer" #spiir
  spiir-id: "637494049038485876"
  Assets:Checking:Primary  -1000.00 DKK
  Expenses:Food:Groceries  1000.00 DKK

2021-02-19 * "SpotifySE" "Film, musik & læsestof" #spiir
  spiir-id: "637674667688268914"
  Assets:Checking:Fixed  -124.00 DKK
  Expenses:Entertainment:Media  124.00 DKK

2021-02-24 * "The Coffee Collect" "Bar, cafe & restaurant" #spiir
  spiir-id: "637497654058636530"
  Assets:Checking:Primary  -200.00 DKK
  Expenses:Food:Restaurant  200.00 DKK

2021-02-24 * "The Coffee Collect" "Bar, cafe & restaurant" #spiir
  spiir-id: "637497654058636531"
  Assets:Checking:Primary  -40.00 DKK
  Expenses:Food:Restaurant  40.00 DKK

2021-02-24 * "MobilePay Lasse Brandt Due Andersen" "Bar, cafe & restaurant" #spiir
  spiir-id: "637497654058636532"
  Assets:Checking:Primary  100.00 DKK
  Expenses:Food:Restaurant  -100.00 DKK

2021-02-24 * "WWW.IKEA.DK\\ \\TAASTRUP\\" "Møbler & boligudstyr" #spiir
  spiir-id: "637497654058636533"
  Assets:Checking:Primary  -460.00 DKK
  Expenses:Shopping:Furniture  460.00 DKK

2021-02-25 * "KICKSTARTER.COM\\ \\TSIM SHA TSUI\\" "Møbler & boligudstyr" #spiir
  spiir-id: "637498543875415413"
  Assets:Checking:Primary  -218.54 DKK
  Expenses:Shopping:Furniture  218.54 DKK

2021-02-26 * "DJHSELF\\ \\35314369001 \\" "Bar, cafe & restaurant" #spiir
  spiir-id: "637499545572459691"
  Assets:Checking:Primary  -64.22 DKK
  Expenses:Food:Restaurant  64.22 DKK

2021-02-26 * "PlaystationNetwork\\ \\LONDON\\" "Spil & legetøj" #spiir
  spiir-id: "637499545572459692"
  Assets:Checking:Primary  -299.00 DKK
  Expenses:Kids:Toys  299.00 DKK

2021-02-26 * "LØNOVERFØRSEL" "Løn" #spiir
  spiir-id: "637499545572459693"
  Assets:Checking:Primary  28636.01 DKK
  Income:Salary  -28636.01 DKK

2021-02-26 * "3´s Kortbetaling" "Telefoni & internet" #spiir
  spiir-id: "637499777805085059"
  Assets:Checking:Primary  -330.98 DKK
  Expenses:Subscriptions:Telecom  330.98 DKK

2021-02-27 * "MobilePay: WeShare" "Bar, cafe & restaurant" #spiir
  spiir-id: "637501046789854461"
  Assets:Checking:Primary  -31.00 DKK
  Expenses:Food:Restaurant  31.00 DKK

2021-02-27 * "Retur uanbringelige udb" "Anden indkomst" #spiir
  spiir-id: "637502071705984752"
  Assets:Checking:Primary  2300.00 DKK
  Income:Other  -2300.00 DKK

2021-03-01 * "Faste Fællesudgifter" "Sundheds- & sygeforsikring" #spiir
  spiir-id: "637502071705984747"
  Assets:Checking:Primary  -500.00 DKK
  Expenses:Insurance:Health  500.00 DKK

2021-03-01 * "Kærestekonto" "Dagligvarer" #spiir
  spiir-id: "637502071705984748"
  Assets:Checking:Primary  -2000.00 DKK
  Expenses:Food:Groceries  2000.00 DKK

2021-03-01 * "Husleje" "Boliglån/husleje" #spiir
  spiir-id: "637502071705984749"
  Assets:Checking:Primary  -5000.00 DKK
  Expenses:House:Mortgage  5000.00 DKK

2021-03-01 * "opsparing" "Anden opsparing" #spiir
  spiir-id: "637502071705984750"
  Assets:Checking:Primary  -5000.00 DKK
  Assets:Savings:Other  5000.00 DKK

2021-03-01 * "iCloud Fastefæll.udgifte" "Online services & software" #spiir
  spiir-id: "637502071705984751"
  Assets:Checking:Primary  69.00 DKK
  Expenses:Subscriptions:Software  -69.00 DKK

2021-03-01 * "opsparing" "" #spiir
  spiir-id: "637502072957478048"
  Assets:Checking:Opsparing  5000.00 DKK
  Expenses:Uncategorized  -5000.00 DKK

2021-03-01 * "Faste fællesudgifter" "Sundheds- & sygeforsikring" #spiir
  spiir-id: "637674667688268911"
  Assets:Checking:Fixed  500.00 DKK
  Expenses:Insurance:Health  -500.00 DKK

2021-03-01 * "Fast Overførsel - Patric" "Sundheds- & sygeforsikring" #spiir
  spiir-id: "637674667688268912"
  Assets:Checking:Fixed  500.00 DKK
  Expenses:Insurance:Health  -500.00 DKK

2021-03-01 * "iCloud" "Online services & software" #spiir
  spiir-id: "637674667688268913"
  Assets:Checking:Fixed  -69.00 DKK
  Expenses:Subscriptions:Software  69.00 DKK

2021-03-02 * "VISION DIRECT BV\\ \\AMSTERDAM\\" "Briller & kontaktlinser" #spiir
  spiir-id: "637503985856590350"
  Assets:Checking:Primary  -1084.60 DKK
  Expenses:Health:Vision  1084.60 DKK

2021-03-02 * "telia.dk" "Telefoni & internet" #spiir
  spiir-id: "637674667688268910"
  Assets:Checking:Fixed  -249.00 DKK
  Expenses:Subscriptions:Telecom  249.00 DKK

2021-03-04 * "FREEENERGY\\ \\TO KWA WAN\\" "Dagligvarer" #spiir
  spiir-id: "637504875143564044"
  Assets:Checking:Primary  -126.52 DKK
  Expenses:Food:Groceries  126.52 DKK

2021-03-05 * "THE COFFEE COLLECT" "Bar, cafe & restaurant" #spiir
  spiir-id: "637506388625391617"
  Assets:Checking:Primary  -80.00 DKK
  Expenses:Food:Restaurant  80.00 DKK

2021-03-09 * "The Coffee Collect" "Bar, cafe & restaurant" #spiir
  spiir-id: "637509707914606754"
  Assets:Checking:Primary  -40.00 DKK
  Expenses:Food:Restaurant  40.00 DKK

2021-03-10 * "Rejsekort - DSB" "Bus, tog, færge o.l." #spiir
  spiir-id: "637509707914606753"
  Assets:Checking:Primary  -300.00 DKK
  Expenses:Transport:Public  300.00 DKK

2021-03-10 * "MobilePay Michelle de Marée" "Fastfood & takeaway" #spiir
  spiir-id: "637509808612053764"
  Assets:Checking:Primary  120.00 DKK
  Expenses:Food:Takeaway  -120.00 DKK

2021-03-10 * "Restaurant China v" "Bar, cafe & restaurant" #spiir
  spiir-id: "637509808612053765"
  Assets:Checking:Primary  -480.00 DKK
  Expenses:Food:Restaurant  480.00 DKK

2021-03-12 * "Overførsel" "Anden indkomst" #spiir
  spiir-id: "637511351420854384"
  Assets:Checking:Primary  360.00 DKK
  Income:Other  -360.00 DKK

2021-03-16 * "Audible*4N3MP6BH3 Amzn.com/bill" "Online services & software" #spiir
  spiir-id: "637515871478201457"
  Assets:Checking:Primary  -109.50 DKK
  Expenses:Subscriptions:Software  109.50 DKK

2021-03-18 * "YELLOW BIRD COFFEE APS KOBENHAVN S" "Bar, cafe & restaurant" #spiir
  spiir-id: "637516473967455334"
  Assets:Checking:Primary  -165.00 DKK
  Expenses:Food:Restaurant  165.00 DKK

2021-03-19 * "MobilePay Stephanie Ann Møller" "Spil & legetøj" #spiir
  spiir-id: "637517847208736933"
  Assets:Checking:Primary  -35.00 DKK
  Expenses:Kids:Toys  35.00 DKK

2021-03-19 * "CUB COFFEE BAR KOBENHAVN K" "Bar, cafe & restaurant" #spiir
  spiir-id: "637517847208736934"
  Assets:Checking:Primary  -37.00 DKK
  Expenses:Food:Restaurant  37.00 DKK

2021-03-19 * "SpotifySE" "Film, musik & læsestof" #spiir
  spiir-id: "637674667688268909"
  Assets:Checking:Fixed  -124.00 DKK
  Expenses:Entertainment:Media  124.00 DKK

2021-03-21 * "WEFOOD" "Dagligvarer" #spiir
  spiir-id: "637520050156446202"
  Assets:Checking:Primary  -37.00 DKK
  Expenses:Food:Groceries  37.00 DKK

2021-03-23 * "MobilePay: WeShare" "Bar, cafe & restaurant" #spiir
  spiir-id: "637521054351137948"
  Assets:Checking:Primary  -425.00 DKK
  Expenses:Food:Restaurant  425.00 DKK

2021-03-24 * "CUB COFFEE BAR KOBENHAVN K" "Bar, cafe & restaurant" #spiir
  spiir-id: "637521925906173644"
  Assets:Checking:Primary  -77.00 DKK
  Expenses:Food:Restaurant  77.00 DKK

2021-03-24 * "Til Kærestekonto" "Dagligvarer" #spiir
  spiir-id: "637522786503328996"
  Assets:Checking:Primary  -500.00 DKK
  Expenses:Food:Groceries  500.00 DKK

2021-03-27 * "7-Eleven B027" "Kiosk, bager & specialbutikker" #spiir
  spiir-id: "637526119978675976"
  Assets:Checking:Primary  -15.00 DKK
  Expenses:Food:Kiosk  15.00 DKK

2021-03-30 * "Wolt Helsinki" "Fastfood & takeaway" #spiir
  spiir-id: "637526853155961007"
  Assets:Checking:Primary  -153.00 DKK
  Expenses:Food:Takeaway  153.00 DKK

2021-03-30 * "WEDO KLAMPENBORG" "Fastfood & takeaway" #spiir
  spiir-id: "637526853155961008"
  Assets:Checking:Primary  -86.75 DKK
  Expenses:Food:Takeaway  86.75 DKK

2021-03-30 * "EFSL CLIENT ACC - IP" "Ignorer" #spiir
  spiir-id: "637526853155961009"
  Assets:Checking:Primary  155683.83 DKK
  Expenses:Uncategorized  -155683.83 DKK

2021-03-31 * "JAGGER.DK VEJLE" "Fastfood & takeaway" #spiir
  spiir-id: "637527718204042355"
  Assets:Checking:Primary  -517.00 DKK
  Expenses:Food:Takeaway  517.00 DKK

2021-03-31 * "LØNOVERFØRSEL" "Løn" #spiir
  spiir-id: "637527718204042356"
  Assets:Checking:Primary  35485.33 DKK
  Income:Salary  -35485.33 DKK

2021-03-31 * "Rente samlet indestående" "Udlånsrenter" #spiir
  spiir-id: "637528626831823562"
  Assets:Checking:Primary  -8.24 DKK
  Expenses:Loans:Interest  8.24 DKK

2021-03-31 * "Rente samlet indestående" "Udlånsrenter" #spiir
  spiir-id: "637528627860611365"
  Assets:Checking:Opsparing  -23.06 DKK
  Expenses:Loans:Interest  23.06 DKK

2021-03-31 * "3´s Kortbetaling" "Telefoni & internet" #spiir
  spiir-id: "637533242953343230"
  Assets:Checking:Primary  -205.55 DKK
  Expenses:Subscriptions:Telecom  205.55 DKK

2021-03-31 * "Torvehallerne" "Bar, cafe & restaurant" #spiir
  spiir-id: "637533242953343231"
  Assets:Checking:Primary  -137.00 DKK
  Expenses:Food:Restaurant  137.00 DKK

2021-03-31 * "Interest, total balance" "Udlånsrenter" #spiir
  spiir-id: "637674667688268908"
  Assets:Checking:Fixed  -0.98 DKK
  Expenses:Loans:Interest  0.98 DKK

2021-04-01 * "MobilePay People Like Us Bunker" "Bar, cafe & restaurant" #spiir
  spiir-id: "637529466190673868"
  Assets:Checking:Primary  -220.00 DKK
  Expenses:Food:Restaurant  220.00 DKK

2021-04-01 * "Til Kærestekonto" "Dagligvarer" #spiir
  spiir-id: "637529466190673869"
  Assets:Checking:Primary  -500.00 DKK
  Expenses:Food:Groceries  500.00 DKK

2021-04-01 * "FALAFEL HOUSE APS KOBENHAVN K" "Bar, cafe & restaurant" #spiir
  spiir-id: "637533242953343227"
  Assets:Checking:Primary  -348.00 DKK
  Expenses:Food:Restaurant  348.00 DKK

2021-04-01 * "Akademikernes A-Kasse" "Fagforening & a-kasse" #spiir
  spiir-id: "637533242953343228"
  Assets:Checking:Primary  -1401.00 DKK
  Expenses:Insurance:Union  1401.00 DKK

2021-04-01 * "Den grønne kutter" "Kiosk, bager & specialbutikker" #spiir
  spiir-id: "637533242953343229"
  Assets:Checking:Primary  -198.00 DKK
  Expenses:Food:Kiosk  198.00 DKK

2021-04-03 * "MobilePay Jim Lütken Saabye" "" #spiir
  spiir-id: "637531310283291310"
  Assets:Checking:Primary  -60.00 DKK
  Expenses:Uncategorized  60.00 DKK

2021-04-06 * "Faste Fællesudgifter" "Sundheds- & sygeforsikring" #spiir
  spiir-id: "637533242953343221"
  Assets:Checking:Primary  -500.00 DKK
  Expenses:Insurance:Health  500.00 DKK

2021-04-06 * "Kærestekonto" "Dagligvarer" #spiir
  spiir-id: "637533242953343222"
  Assets:Checking:Primary  -2000.00 DKK
  Expenses:Food:Groceries  2000.00 DKK

2021-04-06 * "Husleje" "Boliglån/husleje" #spiir
  spiir-id: "637533242953343223"
  Assets:Checking:Primary  -5000.00 DKK
  Expenses:House:Mortgage  5000.00 DKK

2021-04-06 * "opsparing" "Anden opsparing" #spiir
  spiir-id: "637533242953343224"
  Assets:Checking:Primary  -5000.00 DKK
  Assets:Savings:Other  5000.00 DKK

2021-04-06 * "iCloud Fastefæll.udgifte" "Online services & software" #spiir
  spiir-id: "637533242953343225"
  Assets:Checking:Primary  69.00 DKK
  Expenses:Subscriptions:Software  -69.00 DKK

2021-04-06 * "INGO København, He" "Brændstof" #spiir
  spiir-id: "637533242953343226"
  Assets:Checking:Primary  -360.21 DKK
  Expenses:Car:Gas  360.21 DKK

2021-04-06 * "opsparing" "" #spiir
  spiir-id: "637533243967929730"
  Assets:Checking:Opsparing  5000.00 DKK
  Expenses:Uncategorized  -5000.00 DKK

2021-04-06 * "Faste fællesudgifter" "Sundheds- & sygeforsikring" #spiir
  spiir-id: "637674667688268905"
  Assets:Checking:Fixed  500.00 DKK
  Expenses:Insurance:Health  -500.00 DKK

2021-04-06 * "Fast Overførsel - Patric" "Sundheds- & sygeforsikring" #spiir
  spiir-id: "637674667688268906"
  Assets:Checking:Fixed  500.00 DKK
  Expenses:Insurance:Health  -500.00 DKK

2021-04-06 * "iCloud" "Online services & software" #spiir
  spiir-id: "637674667688268907"
  Assets:Checking:Fixed  -69.00 DKK
  Expenses:Subscriptions:Software  69.00 DKK

2021-04-07 * "telia.dk" "Telefoni & internet" #spiir
  spiir-id: "637674667688268904"
  Assets:Checking:Fixed  -249.00 DKK
  Expenses:Subscriptions:Telecom  249.00 DKK

2021-04-09 * "AMZN Mktp DE*M499H4FE4 800-279-6620" "" #spiir
  spiir-id: "637535714137412105"
  Assets:Checking:Primary  -1788.67 DKK
  Expenses:Uncategorized  1788.67 DKK

2021-04-09 * "OVERSKYDENDE SKAT" "Overskydende skat" #spiir
  spiir-id: "637535714137412106"
  Assets:Checking:Primary  16740.00 DKK
  Income:Tax:Refund  -16740.00 DKK

2021-04-09 * "Rejsekort - DSB" "Bus, tog, færge o.l." #spiir
  spiir-id: "637535714137412107"
  Assets:Checking:Primary  -300.00 DKK
  Expenses:Transport:Public  300.00 DKK

2021-04-09 * "MobilePay: WeShare" "Bar, cafe & restaurant" #spiir
  spiir-id: "637536323158554938"
  Assets:Checking:Primary  -620.00 DKK
  Expenses:Food:Restaurant  620.00 DKK

2021-04-10 * "The Body Shop" "Frisør & personlig pleje" #spiir
  spiir-id: "637538209889812884"
  Assets:Checking:Primary  -245.00 DKK
  Expenses:Shopping:Personal-Care  245.00 DKK

2021-04-13 * "IRMA KOEGE KOEGE" "Dagligvarer" #spiir
  spiir-id: "637539129224473798"
  Assets:Checking:Primary  -15.00 DKK
  Expenses:Food:Groceries  15.00 DKK

2021-04-13 * "KICKSTARTER.COM HTTPSWWW.KICK" "" #spiir
  spiir-id: "637539129224473799"
  Assets:Checking:Primary  -856.65 DKK
  Expenses:Uncategorized  856.65 DKK

2021-04-14 * "NOTION LABS INC HTTPSWWW.NOTI" "Online services & software" #spiir
  spiir-id: "637540027985594969"
  Assets:Checking:Primary  -306.77 DKK
  Expenses:Subscriptions:Software  306.77 DKK

2021-04-14 * "Lucky Sushi Greve" "Bar, cafe & restaurant" #spiir
  spiir-id: "637541230298268640"
  Assets:Checking:Primary  -359.00 DKK
  Expenses:Food:Restaurant  359.00 DKK

2021-04-15 * "MobilePay: WeShare" "Bar, cafe & restaurant" #spiir
  spiir-id: "637541230298268637"
  Assets:Checking:Primary  -2450.00 DKK
  Expenses:Food:Restaurant  2450.00 DKK

2021-04-15 * "Yellow Bird Coffee" "Bar, cafe & restaurant" #spiir
  spiir-id: "637541230298268638"
  Assets:Checking:Primary  -130.00 DKK
  Expenses:Food:Restaurant  130.00 DKK

2021-04-15 * "Audible*I13SW21G3 Amzn.com/bill" "Online services & software" #spiir
  spiir-id: "637541230298268639"
  Assets:Checking:Primary  -109.80 DKK
  Expenses:Subscriptions:Software  109.80 DKK

2021-04-17 * "KICKSTARTER.COM SWANSEA" "" #spiir
  spiir-id: "637544478658703915"
  Assets:Checking:Primary  -914.19 DKK
  Expenses:Uncategorized  914.19 DKK

2021-04-20 * "SpotifySE" "Film, musik & læsestof" #spiir
  spiir-id: "637674667688268903"
  Assets:Checking:Fixed  -124.00 DKK
  Expenses:Entertainment:Media  124.00 DKK

2021-04-21 * "MobilePay Henrik Bunde Kudsk" "" #spiir
  spiir-id: "637546822571662612"
  Assets:Checking:Primary  -900.00 DKK
  Expenses:Uncategorized  900.00 DKK

2021-04-22 * "MobilePay Tina Jensen" "Gaver & velgørenhed" #spiir
  spiir-id: "637546822571662611"
  Assets:Checking:Primary  3000.00 DKK
  Expenses:Gifts  -3000.00 DKK

2021-04-22 * "Cafe-Alma ApS" "Bar, cafe & restaurant" #spiir
  spiir-id: "637547907880134574"
  Assets:Checking:Primary  -815.00 DKK
  Expenses:Food:Restaurant  815.00 DKK

2021-04-23 * "MobilePay Dessouky" "Fastfood & takeaway" #spiir
  spiir-id: "637547907880134570"
  Assets:Checking:Primary  238.00 DKK
  Expenses:Food:Takeaway  -238.00 DKK

2021-04-23 * "Til Kærestekonto" "Dagligvarer" #spiir
  spiir-id: "637547907880134571"
  Assets:Checking:Primary  -165.00 DKK
  Expenses:Food:Groceries  165.00 DKK

2021-04-23 * "MobilePay Dan Meakin" "Bar, cafe & restaurant" #spiir
  spiir-id: "637547907880134572"
  Assets:Checking:Primary  238.00 DKK
  Expenses:Food:Restaurant  -238.00 DKK

2021-04-23 * "Til Kærestekonto" "Dagligvarer" #spiir
  spiir-id: "637547907880134573"
  Assets:Checking:Primary  -500.00 DKK
  Expenses:Food:Groceries  500.00 DKK

2021-04-24 * "Freetrailer +4588537700" "" #spiir
  spiir-id: "637550503325064441"
  Assets:Checking:Primary  -78.00 DKK
  Expenses:Uncategorized  78.00 DKK

2021-04-24 * "AMAGER BRYGHUS TAPROOM BR Koebenhavn s" "Bar, cafe & restaurant" #spiir
  spiir-id: "637550503325064442"
  Assets:Checking:Primary  -110.00 DKK
  Expenses:Food:Restaurant  110.00 DKK

2021-04-24 * "DONKEY.BIKE COPENHAGEN K" "Anden transport" #spiir
  spiir-id: "637550503325064443"
  Assets:Checking:Primary  -55.00 DKK
  Expenses:Transport:Other  55.00 DKK

2021-04-24 * "AMAGER BRYGHUS TAPROOM BR Koebenhavn s" "Bar, cafe & restaurant" #spiir
  spiir-id: "637550503325064444"
  Assets:Checking:Primary  -60.00 DKK
  Expenses:Food:Restaurant  60.00 DKK

2021-04-25 * "Mor: Babystol" "Gaver & velgørenhed" #spiir
  spiir-id: "637550503325064445"
  Assets:Checking:Primary  3000.00 DKK
  Expenses:Gifts  -3000.00 DKK

2021-04-29 * "MobilePay: Michelle de Marée" "Bar, cafe & restaurant" #spiir
  spiir-id: "637553006306606920"
  Assets:Checking:Primary  118.00 DKK
  Expenses:Food:Restaurant  -118.00 DKK

2021-04-29 * "SumUp Lord nelson Kobenhavn K" "Bar, cafe & restaurant" #spiir
  spiir-id: "637553006306606921"
  Assets:Checking:Primary  -60.00 DKK
  Expenses:Food:Restaurant  60.00 DKK

2021-04-29 * "WISH.COM +31" "Tøj, sko & accessories" #spiir
  spiir-id: "637553006306606922"
  Assets:Checking:Primary  -53.78 DKK
  Expenses:Shopping:Clothing  53.78 DKK

2021-04-29 * "JAGGER.DK VEJLE" "Fastfood & takeaway" #spiir
  spiir-id: "637553006306606923"
  Assets:Checking:Primary  -560.00 DKK
  Expenses:Food:Takeaway  560.00 DKK

2021-04-29 * "LØNOVERFØRSEL" "Løn" #spiir
  spiir-id: "637553006306606924"
  Assets:Checking:Primary  35485.33 DKK
  Income:Salary  -35485.33 DKK

2021-04-29 * "3´s Kortbetaling" "Telefoni & internet" #spiir
  spiir-id: "637553784521389624"
  Assets:Checking:Primary  -200.00 DKK
  Expenses:Subscriptions:Telecom  200.00 DKK

2021-04-29 * "Blue Raven" "Bar, cafe & restaurant" #spiir
  spiir-id: "637553784521389625"
  Assets:Checking:Primary  -100.00 DKK
  Expenses:Food:Restaurant  100.00 DKK

2021-04-29 * "Mumbai Kompagniet" "Bar, cafe & restaurant" #spiir
  spiir-id: "637553784521389626"
  Assets:Checking:Primary  -341.00 DKK
  Expenses:Food:Restaurant  341.00 DKK

2021-04-30 * "Rejsekort - DSB" "Bus, tog, færge o.l." #spiir
  spiir-id: "637556532312830559"
  Assets:Checking:Primary  -300.00 DKK
  Expenses:Transport:Public  300.00 DKK

2021-04-30 * "CUB COFFEE BAR KOBENHAVN K" "Bar, cafe & restaurant" #spiir
  spiir-id: "637556532312830560"
  Assets:Checking:Primary  -147.00 DKK
  Expenses:Food:Restaurant  147.00 DKK

2021-05-01 * "driveinbio.dk" "Biograf, koncerter & forlystelser" #spiir
  spiir-id: "637556532312830557"
  Assets:Checking:Primary  -196.00 DKK
  Expenses:Entertainment:Events  196.00 DKK

2021-05-01 * "INGO København, He" "Brændstof" #spiir
  spiir-id: "637556532312830558"
  Assets:Checking:Primary  -422.25 DKK
  Expenses:Car:Gas  422.25 DKK

2021-05-03 * "Faste Fællesudgifter" "Sundheds- & sygeforsikring" #spiir
  spiir-id: "637556532312830552"
  Assets:Checking:Primary  -500.00 DKK
  Expenses:Insurance:Health  500.00 DKK

2021-05-03 * "Kærestekonto" "Dagligvarer" #spiir
  spiir-id: "637556532312830553"
  Assets:Checking:Primary  -2000.00 DKK
  Expenses:Food:Groceries  2000.00 DKK

2021-05-03 * "Husleje" "Boliglån/husleje" #spiir
  spiir-id: "637556532312830554"
  Assets:Checking:Primary  -5000.00 DKK
  Expenses:House:Mortgage  5000.00 DKK

2021-05-03 * "opsparing" "Anden opsparing" #spiir
  spiir-id: "637556532312830555"
  Assets:Checking:Primary  -5000.00 DKK
  Assets:Savings:Other  5000.00 DKK

2021-05-03 * "iCloud Fastefæll.udgifte" "Online services & software" #spiir
  spiir-id: "637556532312830556"
  Assets:Checking:Primary  69.00 DKK
  Expenses:Subscriptions:Software  -69.00 DKK

2021-05-03 * "opsparing" "" #spiir
  spiir-id: "637556533594433415"
  Assets:Checking:Opsparing  5000.00 DKK
  Expenses:Uncategorized  -5000.00 DKK

2021-05-03 * "Drive In Bio ApS" "Biograf, koncerter & forlystelser" #spiir
  spiir-id: "637557541664407377"
  Assets:Checking:Primary  -49.00 DKK
  Expenses:Entertainment:Events  49.00 DKK

2021-05-03 * "Faste fællesudgifter" "Sundheds- & sygeforsikring" #spiir
  spiir-id: "637674667688268898"
  Assets:Checking:Fixed  500.00 DKK
  Expenses:Insurance:Health  -500.00 DKK

2021-05-03 * "Fast Overførsel - Patric" "Sundheds- & sygeforsikring" #spiir
  spiir-id: "637674667688268899"
  Assets:Checking:Fixed  500.00 DKK
  Expenses:Insurance:Health  -500.00 DKK

2021-05-03 * "iCloud" "Online services & software" #spiir
  spiir-id: "637674667688268900"
  Assets:Checking:Fixed  -69.00 DKK
  Expenses:Subscriptions:Software  69.00 DKK

2021-05-03 * "Tryg" "Indbo- & familieforsikring" #spiir
  spiir-id: "637674667688268901"
  Assets:Checking:Fixed  -561.51 DKK
  Expenses:House:Contents-Insurance  561.51 DKK

2021-05-03 * "Tryg" "Indbo- & familieforsikring" #spiir
  spiir-id: "637674667688268902"
  Assets:Checking:Fixed  -529.15 DKK
  Expenses:House:Contents-Insurance  529.15 DKK

2021-05-04 * "CMXWWW.COMIXOLOGY.COM" "Film, musik & læsestof" #spiir
  spiir-id: "637557541664407370"
  Assets:Checking:Primary  -543.33 DKK
  Expenses:Entertainment:Media  543.33 DKK

2021-05-04 * "KICKSTARTER.COM CALGARY" "" #spiir
  spiir-id: "637557541664407371"
  Assets:Checking:Primary  -509.70 DKK
  Expenses:Uncategorized  509.70 DKK

2021-05-04 * "HOLMS BAGER KOBENHAVN K" "Kiosk, bager & specialbutikker" #spiir
  spiir-id: "637557541664407372"
  Assets:Checking:Primary  -118.00 DKK
  Expenses:Food:Kiosk  118.00 DKK

2021-05-04 * "HOLMS BAGER KOBENHAVN K" "Kiosk, bager & specialbutikker" #spiir
  spiir-id: "637557541664407373"
  Assets:Checking:Primary  -177.00 DKK
  Expenses:Food:Kiosk  177.00 DKK

2021-05-04 * "SELLER-ONLN" "" #spiir
  spiir-id: "637557541664407374"
  Assets:Checking:Primary  -205.56 DKK
  Expenses:Uncategorized  205.56 DKK

2021-05-04 * "Overførsel" "Anden indkomst" #spiir
  spiir-id: "637557541664407375"
  Assets:Checking:Primary  203.00 DKK
  Income:Other  -203.00 DKK

2021-05-04 * "Overførsel" "Anden indkomst" #spiir
  spiir-id: "637557541664407376"
  Assets:Checking:Primary  86.00 DKK
  Income:Other  -86.00 DKK

2021-05-04 * "telia.dk" "Telefoni & internet" #spiir
  spiir-id: "637674667688268897"
  Assets:Checking:Fixed  -249.00 DKK
  Expenses:Subscriptions:Telecom  249.00 DKK

2021-05-05 * "Ida Ingeniørfore. i Danm" "Fagforening & a-kasse" #spiir
  spiir-id: "637558041164761420"
  Assets:Checking:Primary  -878.25 DKK
  Expenses:Insurance:Union  878.25 DKK

2021-05-07 * "FALAFEL HOUSE APS KOBENHAVN K" "Bar, cafe & restaurant" #spiir
  spiir-id: "637559934034779415"
  Assets:Checking:Primary  -58.00 DKK
  Expenses:Food:Restaurant  58.00 DKK

2021-05-07 * "HIMMERIGET FREDERIKSBERG" "Bar, cafe & restaurant" #spiir
  spiir-id: "637559934034779416"
  Assets:Checking:Primary  -200.00 DKK
  Expenses:Food:Restaurant  200.00 DKK

2021-05-07 * "HIMMERIGET FREDERIKSBERG" "Bar, cafe & restaurant" #spiir
  spiir-id: "637559934034779417"
  Assets:Checking:Primary  -70.00 DKK
  Expenses:Food:Restaurant  70.00 DKK

2021-05-07 * "HIMMERIGET FREDERIKSBERG" "Bar, cafe & restaurant" #spiir
  spiir-id: "637559934034779418"
  Assets:Checking:Primary  -80.00 DKK
  Expenses:Food:Restaurant  80.00 DKK

2021-05-07 * "HIMMERIGET FREDERIKSBERG" "Bar, cafe & restaurant" #spiir
  spiir-id: "637559934034779419"
  Assets:Checking:Primary  -75.00 DKK
  Expenses:Food:Restaurant  75.00 DKK

2021-05-08 * "ratepension" "Pensionsopsparing" #spiir
  spiir-id: "637561445602553228"
  Assets:Checking:Primary  -58500.00 DKK
  Assets:Savings:Pension  58500.00 DKK

2021-05-08 * "Amager Strand Apot" "Apotek & medicin" #spiir
  spiir-id: "637562528530301551"
  Assets:Checking:Primary  -167.50 DKK
  Expenses:Health:Pharmacy  167.50 DKK

2021-05-08 * "Amager Strand Apot" "Apotek & medicin" #spiir
  spiir-id: "637562528530301552"
  Assets:Checking:Primary  -211.15 DKK
  Expenses:Health:Pharmacy  211.15 DKK

2021-05-08 * "FALAFEL HOUSE APS KOBENHAVN K" "Bar, cafe & restaurant" #spiir
  spiir-id: "637562528530301553"
  Assets:Checking:Primary  -58.00 DKK
  Expenses:Food:Restaurant  58.00 DKK

2021-05-11 * "COPENHAGEN BOULDERS APS KOEBENHAVN SV" "Bar, cafe & restaurant" #spiir
  spiir-id: "637563141828171915"
  Assets:Checking:Primary  -18.00 DKK
  Expenses:Food:Restaurant  18.00 DKK

2021-05-13 * "Dragør Røgeri ApS" "Dagligvarer" #spiir
  spiir-id: "637568489965560286"
  Assets:Checking:Primary  -156.06 DKK
  Expenses:Food:Groceries  156.06 DKK

2021-05-14 * "Blue Raven" "Bar, cafe & restaurant" #spiir
  spiir-id: "637568489965560285"
  Assets:Checking:Primary  -180.00 DKK
  Expenses:Food:Restaurant  180.00 DKK

2021-05-16 * "Mad & Kaffe" "Bar, cafe & restaurant" #spiir
  spiir-id: "637568489965560284"
  Assets:Checking:Primary  -195.00 DKK
  Expenses:Food:Restaurant  195.00 DKK

2021-05-18 * "THE BEER HIVE KOBENHAVN S" "Bar, cafe & restaurant" #spiir
  spiir-id: "637569311044018928"
  Assets:Checking:Primary  -183.00 DKK
  Expenses:Food:Restaurant  183.00 DKK

2021-05-18 * "CUB COFFEE BAR KOBENHAVN K" "Bar, cafe & restaurant" #spiir
  spiir-id: "637569311044018929"
  Assets:Checking:Primary  -174.00 DKK
  Expenses:Food:Restaurant  174.00 DKK

2021-05-18 * "Audible*2L9245RF1 Amzn.com/bill" "Online services & software" #spiir
  spiir-id: "637569311044018930"
  Assets:Checking:Primary  -108.07 DKK
  Expenses:Subscriptions:Software  108.07 DKK

2021-05-18 * "KK Borgerservicer" "Offentligt gebyr" #spiir
  spiir-id: "637570201547710851"
  Assets:Checking:Primary  -150.00 DKK
  Expenses:Tax:Fees  150.00 DKK

2021-05-19 * "Netto Landemærket" "Dagligvarer" #spiir
  spiir-id: "637570201547710850"
  Assets:Checking:Primary  -35.85 DKK
  Expenses:Food:Groceries  35.85 DKK

2021-05-19 * "MobilePay Michelle de Marée" "Fastfood & takeaway" #spiir
  spiir-id: "637571057508198593"
  Assets:Checking:Primary  130.00 DKK
  Expenses:Food:Takeaway  -130.00 DKK

2021-05-19 * "SpotifySE" "Film, musik & læsestof" #spiir
  spiir-id: "637674667688268896"
  Assets:Checking:Fixed  -124.00 DKK
  Expenses:Entertainment:Media  124.00 DKK

2021-05-20 * "MobilePay Gunnar Davíð Gunnarsson" "Bar, cafe & restaurant" #spiir
  spiir-id: "637571886282006827"
  Assets:Checking:Primary  65.00 DKK
  Expenses:Food:Restaurant  -65.00 DKK

2021-05-21 * "Cafe-Alma ApS" "Bar, cafe & restaurant" #spiir
  spiir-id: "637575245295337848"
  Assets:Checking:Primary  -774.00 DKK
  Expenses:Food:Restaurant  774.00 DKK

2021-05-22 * "FRUGT OG GRØNT" "Dagligvarer" #spiir
  spiir-id: "637575245295337845"
  Assets:Checking:Primary  -59.00 DKK
  Expenses:Food:Groceries  59.00 DKK

2021-05-22 * "MAUI Amagerbrogade" "Bar, cafe & restaurant" #spiir
  spiir-id: "637575245295337846"
  Assets:Checking:Primary  -120.00 DKK
  Expenses:Food:Restaurant  120.00 DKK

2021-05-22 * "Netto Backersvej" "Dagligvarer" #spiir
  spiir-id: "637575245295337847"
  Assets:Checking:Primary  -76.30 DKK
  Expenses:Food:Groceries  76.30 DKK

2021-05-23 * "Cafe pelikan" "Bar, cafe & restaurant" #spiir
  spiir-id: "637575245295337844"
  Assets:Checking:Primary  -28.00 DKK
  Expenses:Food:Restaurant  28.00 DKK

2021-05-24 * "Netto Backersvej" "Dagligvarer" #spiir
  spiir-id: "637575245295337842"
  Assets:Checking:Primary  -111.65 DKK
  Expenses:Food:Groceries  111.65 DKK

2021-05-24 * "Andersen Bakery" "Kiosk, bager & specialbutikker" #spiir
  spiir-id: "637575245295337843"
  Assets:Checking:Primary  -38.00 DKK
  Expenses:Food:Kiosk  38.00 DKK

2021-05-25 * "tipster.dk 44-44" "Bar, cafe & restaurant" #spiir
  spiir-id: "637576208812464597"
  Assets:Checking:Primary  -95.00 DKK
  Expenses:Food:Restaurant  95.00 DKK

2021-05-26 * "AMAGER BRYGHUS TAPROOM BR Koebenhavn s" "Bar, cafe & restaurant" #spiir
  spiir-id: "637576208812464593"
  Assets:Checking:Primary  -170.00 DKK
  Expenses:Food:Restaurant  170.00 DKK

2021-05-26 * "AMAGER BRYGHUS TAPROOM BR Koebenhavn s" "Bar, cafe & restaurant" #spiir
  spiir-id: "637576208812464594"
  Assets:Checking:Primary  -110.00 DKK
  Expenses:Food:Restaurant  110.00 DKK

2021-05-26 * "AMAGER BRYGHUS TAPROOM BR Koebenhavn s" "Bar, cafe & restaurant" #spiir
  spiir-id: "637576208812464595"
  Assets:Checking:Primary  -55.00 DKK
  Expenses:Food:Restaurant  55.00 DKK

2021-05-26 * "CUB COFFEE BAR KOBENHAVN K" "Bar, cafe & restaurant" #spiir
  spiir-id: "637576208812464596"
  Assets:Checking:Primary  -80.00 DKK
  Expenses:Food:Restaurant  80.00 DKK

2021-05-26 * "The Bagel Co" "Fastfood & takeaway" #spiir
  spiir-id: "637576943514450570"
  Assets:Checking:Primary  -597.00 DKK
  Expenses:Food:Takeaway  597.00 DKK

2021-05-26 * "The Bagel Co" "Fastfood & takeaway" #spiir
  spiir-id: "637576943514450571"
  Assets:Checking:Primary  -192.00 DKK
  Expenses:Food:Takeaway  192.00 DKK

2021-05-26 * "The Bagel Co" "Fastfood & takeaway" #spiir
  spiir-id: "637576943514450572"
  Assets:Checking:Primary  -570.00 DKK
  Expenses:Food:Takeaway  570.00 DKK

2021-05-26 * "Beta Boulders Cope" "Bar, cafe & restaurant" #spiir
  spiir-id: "637576943514450573"
  Assets:Checking:Primary  -30.00 DKK
  Expenses:Food:Restaurant  30.00 DKK

2021-05-28 * "VISION DIRECT BV AMSTERDAM" "Briller & kontaktlinser" #spiir
  spiir-id: "637577769918678857"
  Assets:Checking:Primary  -1087.92 DKK
  Expenses:Health:Vision  1087.92 DKK

2021-05-28 * "Beta Boulders Copenhagen Vanloese" "Bar, cafe & restaurant" #spiir
  spiir-id: "637577769918678858"
  Assets:Checking:Primary  -30.00 DKK
  Expenses:Food:Restaurant  30.00 DKK

2021-05-28 * "Beta Boulders Copenhagen Vanloese" "Bar, cafe & restaurant" #spiir
  spiir-id: "637577769918678859"
  Assets:Checking:Primary  -35.00 DKK
  Expenses:Food:Restaurant  35.00 DKK

2021-05-28 * "Amass Restaurant A" "Bar, cafe & restaurant" #spiir
  spiir-id: "637578624882146265"
  Assets:Checking:Primary  -70.00 DKK
  Expenses:Food:Restaurant  70.00 DKK

2021-05-28 * "Rejsekort - DSB" "Bus, tog, færge o.l." #spiir
  spiir-id: "637578624882146266"
  Assets:Checking:Primary  -300.00 DKK
  Expenses:Transport:Public  300.00 DKK

2021-05-29 * "REFFEN" "Bar, cafe & restaurant" #spiir
  spiir-id: "637580492052452294"
  Assets:Checking:Primary  -65.00 DKK
  Expenses:Food:Restaurant  65.00 DKK

2021-05-29 * "REFFEN" "Bar, cafe & restaurant" #spiir
  spiir-id: "637580492052452295"
  Assets:Checking:Primary  -85.00 DKK
  Expenses:Food:Restaurant  85.00 DKK

2021-05-29 * "Copenhagen boulder" "Bar, cafe & restaurant" #spiir
  spiir-id: "637580492052452296"
  Assets:Checking:Primary  -39.00 DKK
  Expenses:Food:Restaurant  39.00 DKK

2021-05-29 * "Wulff & Konstali F" "Bar, cafe & restaurant" #spiir
  spiir-id: "637580492052452297"
  Assets:Checking:Primary  -38.00 DKK
  Expenses:Food:Restaurant  38.00 DKK

2021-05-29 * "EMBERHURST CALGARY" "" #spiir
  spiir-id: "637580492052452298"
  Assets:Checking:Primary  -36.21 DKK
  Expenses:Uncategorized  36.21 DKK

2021-05-29 * "LØNOVERFØRSEL" "Løn" #spiir
  spiir-id: "637580492052452299"
  Assets:Checking:Primary  38156.14 DKK
  Income:Salary  -38156.14 DKK

2021-05-30 * "Hija de Sanchez" "Fastfood & takeaway" #spiir
  spiir-id: "637580492052452293"
  Assets:Checking:Primary  -225.00 DKK
  Expenses:Food:Takeaway  225.00 DKK

2021-05-31 * "3´s Kortbetaling" "Telefoni & internet" #spiir
  spiir-id: "637581310600658020"
  Assets:Checking:Primary  -200.55 DKK
  Expenses:Subscriptions:Telecom  200.55 DKK

2021-05-31 * "Taste of Taiwan R" "Fastfood & takeaway" #spiir
  spiir-id: "637581310600658021"
  Assets:Checking:Primary  -92.00 DKK
  Expenses:Food:Takeaway  92.00 DKK

2021-05-31 * "Til Familieopsparing" "Anden opsparing" #spiir
  spiir-id: "637581310600658022"
  Assets:Checking:Primary  -600.00 DKK
  Assets:Savings:Other  600.00 DKK

2021-05-31 * "MobilePay: Daniel Larsen" "" #spiir
  spiir-id: "637581310600658023"
  Assets:Checking:Primary  600.00 DKK
  Expenses:Uncategorized  -600.00 DKK

2021-05-31 * "tipster.dk 95-67" "Bar, cafe & restaurant" #spiir
  spiir-id: "637581310600658024"
  Assets:Checking:Primary  -150.00 DKK
  Expenses:Food:Restaurant  150.00 DKK

2021-06-01 * "CUB COFFEE BAR KOBENHAVN K" "Bar, cafe & restaurant" #spiir
  spiir-id: "637581310600658012"
  Assets:Checking:Primary  -200.00 DKK
  Expenses:Food:Restaurant  200.00 DKK

2021-06-01 * "EasyPark A/S easypark.dk" "Parkering" #spiir
  spiir-id: "637581310600658013"
  Assets:Checking:Primary  -25.40 DKK
  Expenses:Car:Parking  25.40 DKK

2021-06-01 * "MOBILITY FOOD KOBENHAVN V" "Bar, cafe & restaurant" #spiir
  spiir-id: "637581310600658014"
  Assets:Checking:Primary  -40.00 DKK
  Expenses:Food:Restaurant  40.00 DKK

2021-06-01 * "Faste Fællesudgifter" "Sundheds- & sygeforsikring" #spiir
  spiir-id: "637581310600658015"
  Assets:Checking:Primary  -500.00 DKK
  Expenses:Insurance:Health  500.00 DKK

2021-06-01 * "Kærestekonto" "Dagligvarer" #spiir
  spiir-id: "637581310600658016"
  Assets:Checking:Primary  -2000.00 DKK
  Expenses:Food:Groceries  2000.00 DKK

2021-06-01 * "Husleje" "Boliglån/husleje" #spiir
  spiir-id: "637581310600658017"
  Assets:Checking:Primary  -5000.00 DKK
  Expenses:House:Mortgage  5000.00 DKK

2021-06-01 * "opsparing" "Anden opsparing" #spiir
  spiir-id: "637581310600658018"
  Assets:Checking:Primary  -5000.00 DKK
  Assets:Savings:Other  5000.00 DKK

2021-06-01 * "iCloud Fastefæll.udgifte" "Online services & software" #spiir
  spiir-id: "637581310600658019"
  Assets:Checking:Primary  69.00 DKK
  Expenses:Subscriptions:Software  -69.00 DKK

2021-06-01 * "opsparing" "" #spiir
  spiir-id: "637581312248215428"
  Assets:Checking:Opsparing  5000.00 DKK
  Expenses:Uncategorized  -5000.00 DKK

2021-06-01 * "7-Eleven B014" "Kiosk, bager & specialbutikker" #spiir
  spiir-id: "637582193125267245"
  Assets:Checking:Primary  -30.00 DKK
  Expenses:Food:Kiosk  30.00 DKK

2021-06-01 * "Faste fællesudgifter" "Sundheds- & sygeforsikring" #spiir
  spiir-id: "637674667688268893"
  Assets:Checking:Fixed  500.00 DKK
  Expenses:Insurance:Health  -500.00 DKK

2021-06-01 * "Fast Overførsel - Patric" "Sundheds- & sygeforsikring" #spiir
  spiir-id: "637674667688268894"
  Assets:Checking:Fixed  500.00 DKK
  Expenses:Insurance:Health  -500.00 DKK

2021-06-01 * "iCloud" "Online services & software" #spiir
  spiir-id: "637674667688268895"
  Assets:Checking:Fixed  -69.00 DKK
  Expenses:Subscriptions:Software  69.00 DKK

2021-06-02 * "HOLMS BAGER KOBENHAVN K" "Kiosk, bager & specialbutikker" #spiir
  spiir-id: "637582193125267244"
  Assets:Checking:Primary  -121.00 DKK
  Expenses:Food:Kiosk  121.00 DKK

2021-06-02 * "tipster.dk 26-99" "Bar, cafe & restaurant" #spiir
  spiir-id: "637582995023141222"
  Assets:Checking:Primary  -115.00 DKK
  Expenses:Food:Restaurant  115.00 DKK

2021-06-02 * "7-Eleven B014" "Kiosk, bager & specialbutikker" #spiir
  spiir-id: "637582995023141223"
  Assets:Checking:Primary  -132.00 DKK
  Expenses:Food:Kiosk  132.00 DKK

2021-06-03 * "JAGGER.DK VEJLE" "Fastfood & takeaway" #spiir
  spiir-id: "637582995023141221"
  Assets:Checking:Primary  -425.00 DKK
  Expenses:Food:Takeaway  425.00 DKK

2021-06-03 * "telia.dk" "Telefoni & internet" #spiir
  spiir-id: "637674667688268892"
  Assets:Checking:Fixed  -249.00 DKK
  Expenses:Subscriptions:Telecom  249.00 DKK

2021-06-05 * "MobilePay Orion Madsen" "Gaver & velgørenhed" #spiir
  spiir-id: "637585595645564394"
  Assets:Checking:Primary  -1000.00 DKK
  Expenses:Gifts  1000.00 DKK

2021-06-06 * "Automatudbetaling Christianshavn" "Kontanthævning & check" #spiir
  spiir-id: "637586501322110937"
  Assets:Checking:Primary  -2000.00 DKK
  Expenses:Cash  2000.00 DKK

2021-06-06 * "MobilePay Orion Madsen" "Gaver & velgørenhed" #spiir
  spiir-id: "637586501322110938"
  Assets:Checking:Primary  2300.00 DKK
  Expenses:Gifts  -2300.00 DKK

2021-06-12 * "Divane Kebab" "Fastfood & takeaway" #spiir
  spiir-id: "637592684930282232"
  Assets:Checking:Primary  -79.00 DKK
  Expenses:Food:Takeaway  79.00 DKK

2021-06-12 * "KICKSTARTER.COM MADRID" "" #spiir
  spiir-id: "637592684930282233"
  Assets:Checking:Primary  -218.94 DKK
  Expenses:Uncategorized  218.94 DKK

2021-06-13 * "MobilePay Tannie" "" #spiir
  spiir-id: "637592684930282234"
  Assets:Checking:Primary  -20.00 DKK
  Expenses:Uncategorized  20.00 DKK

2021-06-13 * "MobilePay Langebjerggård" "" #spiir
  spiir-id: "637592684930282235"
  Assets:Checking:Primary  -60.00 DKK
  Expenses:Uncategorized  60.00 DKK

2021-06-13 * "MobilePay Birthesminde// Kbh" "" #spiir
  spiir-id: "637592684930282236"
  Assets:Checking:Primary  -110.00 DKK
  Expenses:Uncategorized  110.00 DKK

2021-06-14 * "Rejsekort - DSB" "Bus, tog, færge o.l." #spiir
  spiir-id: "637592684930282231"
  Assets:Checking:Primary  -300.00 DKK
  Expenses:Transport:Public  300.00 DKK

2021-06-15 * "Cub Coffee Bar Kobenhavn K" "Bar, cafe & restaurant" #spiir
  spiir-id: "637593461336689096"
  Assets:Checking:Primary  -37.00 DKK
  Expenses:Food:Restaurant  37.00 DKK

2021-06-15 * "PEOPLE LIKE US KOBENHAVN S" "Bar, cafe & restaurant" #spiir
  spiir-id: "637593461336689097"
  Assets:Checking:Primary  -178.00 DKK
  Expenses:Food:Restaurant  178.00 DKK

2021-06-15 * "BOERNELOPPEN - VANLOESE VANLOESE" "Babyudstyr" #spiir
  spiir-id: "637593461336689098"
  Assets:Checking:Primary  -238.00 DKK
  Expenses:Kids:Baby  238.00 DKK

2021-06-15 * "BARREL ROOM, REFSHALEOEEN KOEBENHAVN K" "Bar, cafe & restaurant" #spiir
  spiir-id: "637593461336689099"
  Assets:Checking:Primary  -65.00 DKK
  Expenses:Food:Restaurant  65.00 DKK

2021-06-15 * "BARREL ROOM, REFSHALEOEEN KOEBENHAVN K" "Bar, cafe & restaurant" #spiir
  spiir-id: "637593461336689100"
  Assets:Checking:Primary  -50.00 DKK
  Expenses:Food:Restaurant  50.00 DKK

2021-06-15 * "AMAGER BRYGHUS TAPROOM BR Koebenhavn s" "Bar, cafe & restaurant" #spiir
  spiir-id: "637593461336689101"
  Assets:Checking:Primary  -230.00 DKK
  Expenses:Food:Restaurant  230.00 DKK

2021-06-15 * "SLOWBURN BREWI HVIDOVRE" "Bar, cafe & restaurant" #spiir
  spiir-id: "637593461336689102"
  Assets:Checking:Primary  -140.00 DKK
  Expenses:Food:Restaurant  140.00 DKK

2021-06-15 * "Beta Boulders Copenhagen Vanloese" "Bar, cafe & restaurant" #spiir
  spiir-id: "637593461336689103"
  Assets:Checking:Primary  -30.00 DKK
  Expenses:Food:Restaurant  30.00 DKK

2021-06-15 * "Beta Boulders Copenhagen Vanloese" "Bar, cafe & restaurant" #spiir
  spiir-id: "637593461336689104"
  Assets:Checking:Primary  -35.00 DKK
  Expenses:Food:Restaurant  35.00 DKK

2021-06-15 * "AEblerov ApS Svinninge" "Bar, cafe & restaurant" #spiir
  spiir-id: "637593461336689105"
  Assets:Checking:Primary  -40.00 DKK
  Expenses:Food:Restaurant  40.00 DKK

2021-06-15 * "REFFEN KOEBENHAVN K" "Bar, cafe & restaurant" #spiir
  spiir-id: "637593461336689106"
  Assets:Checking:Primary  -120.00 DKK
  Expenses:Food:Restaurant  120.00 DKK

2021-06-15 * "REFFEN KOEBENHAVN K" "Bar, cafe & restaurant" #spiir
  spiir-id: "637593461336689107"
  Assets:Checking:Primary  -40.00 DKK
  Expenses:Food:Restaurant  40.00 DKK

2021-06-15 * "Den Grønlandske Ha" "Bar, cafe & restaurant" #spiir
  spiir-id: "637594332491827072"
  Assets:Checking:Primary  -35.00 DKK
  Expenses:Food:Restaurant  35.00 DKK

2021-06-15 * "tipster.dk 99-63" "Bar, cafe & restaurant" #spiir
  spiir-id: "637594332491827073"
  Assets:Checking:Primary  -230.00 DKK
  Expenses:Food:Restaurant  230.00 DKK

2021-06-16 * "Audible*2X6W01KB0 Amzn.com/bill" "Online services & software" #spiir
  spiir-id: "637594332491827071"
  Assets:Checking:Primary  -107.84 DKK
  Expenses:Subscriptions:Software  107.84 DKK

2021-06-16 * "Taste of Taiwan R" "Fastfood & takeaway" #spiir
  spiir-id: "637595216506032102"
  Assets:Checking:Primary  -92.00 DKK
  Expenses:Food:Takeaway  92.00 DKK

2021-06-17 * "SumUp Lord nelson Kobenhavn K" "Bar, cafe & restaurant" #spiir
  spiir-id: "637595216506032101"
  Assets:Checking:Primary  -47.00 DKK
  Expenses:Food:Restaurant  47.00 DKK

2021-06-17 * "tipster.dk 28-37" "Bar, cafe & restaurant" #spiir
  spiir-id: "637596080965459558"
  Assets:Checking:Primary  -175.00 DKK
  Expenses:Food:Restaurant  175.00 DKK

2021-06-21 * "tipster.dk 70-32" "Bar, cafe & restaurant" #spiir
  spiir-id: "637674661371836652"
  Assets:Checking:Primary  -450.00 DKK
  Expenses:Food:Restaurant  450.00 DKK

2021-06-21 * "Beta Boulders Cope" "Sport & fritid" #spiir
  spiir-id: "637674661371836653"
  Assets:Checking:Primary  -1795.00 DKK
  Expenses:Entertainment:Sports  1795.00 DKK

2021-06-21 * "Blue Raven Koebenhavn S" "Bar, cafe & restaurant" #spiir
  spiir-id: "637674661371836654"
  Assets:Checking:Primary  -45.00 DKK
  Expenses:Food:Restaurant  45.00 DKK

2021-06-21 * "Restaurant Tig Kobenhavn K" "Bar, cafe & restaurant" #spiir
  spiir-id: "637674661371836655"
  Assets:Checking:Primary  -424.00 DKK
  Expenses:Food:Restaurant  424.00 DKK

2021-06-21 * "SpotifySE" "Film, musik & læsestof" #spiir
  spiir-id: "637674667688268891"
  Assets:Checking:Fixed  -124.00 DKK
  Expenses:Entertainment:Media  124.00 DKK

2021-06-22 * "Coop Kvickly Stran" "Dagligvarer" #spiir
  spiir-id: "637674661371836648"
  Assets:Checking:Primary  -765.50 DKK
  Expenses:Food:Groceries  765.50 DKK

2021-06-22 * "Cub Coffee Bar Kobenhavn K" "Bar, cafe & restaurant" #spiir
  spiir-id: "637674661371836649"
  Assets:Checking:Primary  -64.00 DKK
  Expenses:Food:Restaurant  64.00 DKK

2021-06-22 * "Cub Coffee Bar Kobenhavn K" "Bar, cafe & restaurant" #spiir
  spiir-id: "637674661371836650"
  Assets:Checking:Primary  -37.00 DKK
  Expenses:Food:Restaurant  37.00 DKK

2021-06-22 * "Beta Boulders Copenhagen Vanloes" "Bar, cafe & restaurant" #spiir
  spiir-id: "637674661371836651"
  Assets:Checking:Primary  -35.00 DKK
  Expenses:Food:Restaurant  35.00 DKK

2021-06-23 * "MobilePay Bunrian Arkas Jensen" "" #spiir
  spiir-id: "637674661371836645"
  Assets:Checking:Primary  -190.00 DKK
  Expenses:Uncategorized  190.00 DKK

2021-06-23 * "Holms Bager Kobenhavn K" "Kiosk, bager & specialbutikker" #spiir
  spiir-id: "637674661371836646"
  Assets:Checking:Primary  -204.00 DKK
  Expenses:Food:Kiosk  204.00 DKK

2021-06-23 * "Faraos Cigarer" "Gaver & velgørenhed" #spiir
  spiir-id: "637674661371836647"
  Assets:Checking:Primary  -299.00 DKK
  Expenses:Gifts  299.00 DKK

2021-06-24 * "FLAMINGO KEBAB ApS" "Fastfood & takeaway" #spiir
  spiir-id: "637674661371836641"
  Assets:Checking:Primary  -24.00 DKK
  Expenses:Food:Takeaway  24.00 DKK

2021-06-24 * "FLAMINGO KEBAB ApS" "Fastfood & takeaway" #spiir
  spiir-id: "637674661371836642"
  Assets:Checking:Primary  -25.00 DKK
  Expenses:Food:Takeaway  25.00 DKK

2021-06-24 * "Cortado V/Khalid Qasem Kobenhavn" "Bar, cafe & restaurant" #spiir
  spiir-id: "637674661371836643"
  Assets:Checking:Primary  -49.00 DKK
  Expenses:Food:Restaurant  49.00 DKK

2021-06-24 * "Andersen Kobenhavn N" "Kiosk, bager & specialbutikker" #spiir
  spiir-id: "637674661371836644"
  Assets:Checking:Primary  -76.00 DKK
  Expenses:Food:Kiosk  76.00 DKK

2021-06-25 * "tipster.dk 06-94" "Bar, cafe & restaurant" #spiir
  spiir-id: "637674661371836640"
  Assets:Checking:Primary  -145.00 DKK
  Expenses:Food:Restaurant  145.00 DKK

2021-06-29 * "Babysam A/S Koebenhavn S" "Babyudstyr" #spiir
  spiir-id: "637674661371836636"
  Assets:Checking:Primary  -319.20 DKK
  Expenses:Kids:Baby  319.20 DKK

2021-06-29 * "Cub Coffee Bar Kobenhavn K" "Bar, cafe & restaurant" #spiir
  spiir-id: "637674661371836637"
  Assets:Checking:Primary  -500.00 DKK
  Expenses:Food:Restaurant  500.00 DKK

2021-06-29 * "Cub Coffee Bar Kobenhavn K" "Bar, cafe & restaurant" #spiir
  spiir-id: "637674661371836638"
  Assets:Checking:Primary  -37.00 DKK
  Expenses:Food:Restaurant  37.00 DKK

2021-06-29 * "People Like Us Aps Kobenhavn" "Bar, cafe & restaurant" #spiir
  spiir-id: "637674661371836639"
  Assets:Checking:Primary  -110.00 DKK
  Expenses:Food:Restaurant  110.00 DKK

2021-06-30 * "Interest, total balance" "Udlånsrenter" #spiir
  spiir-id: "637674661371836634"
  Assets:Checking:Primary  -153.29 DKK
  Expenses:Loans:Interest  153.29 DKK

2021-06-30 * "Lønoverførsel" "Løn" #spiir
  spiir-id: "637674661371836635"
  Assets:Checking:Primary  34691.33 DKK
  Income:Salary  -34691.33 DKK

2021-06-30 * "Interest, total balance" "Udlånsrenter" #spiir
  spiir-id: "637674667688268890"
  Assets:Checking:Fixed  -1.13 DKK
  Expenses:Loans:Interest  1.13 DKK

2021-07-01 * "Blue Raven Koebenhavn S" "Bar, cafe & restaurant" #spiir
  spiir-id: "637674661371663217"
  Assets:Checking:Primary  -65.00 DKK
  Expenses:Food:Restaurant  65.00 DKK

2021-07-01 * "Sportgigant Lindpointner Paschin" "Babyudstyr" #spiir
  spiir-id: "637674661371663218"
  Assets:Checking:Primary  -8882.51 DKK
  Expenses:Kids:Baby  8882.51 DKK

2021-07-01 * "Akademikernes A-Kasse" "Fagforening & a-kasse" #spiir
  spiir-id: "637674661371663219"
  Assets:Checking:Primary  -1401.00 DKK
  Expenses:Insurance:Union  1401.00 DKK

2021-07-01 * "Faste Fællesudgifter" "Dagligvarer" #spiir
  spiir-id: "637674661371663220"
  Assets:Checking:Primary  -500.00 DKK
  Expenses:Food:Groceries  500.00 DKK

2021-07-01 * "Kærestekonto" "Dagligvarer" #spiir
  spiir-id: "637674661371663221"
  Assets:Checking:Primary  -2000.00 DKK
  Expenses:Food:Groceries  2000.00 DKK

2021-07-01 * "Husleje" "Boliglån/husleje" #spiir
  spiir-id: "637674661371836631"
  Assets:Checking:Primary  -5000.00 DKK
  Expenses:House:Mortgage  5000.00 DKK

2021-07-01 * "iCloud Fastefæll.udgifte" "Online services & software" #spiir
  spiir-id: "637674661371836632"
  Assets:Checking:Primary  69.00 DKK
  Expenses:Subscriptions:Software  -69.00 DKK

2021-07-01 * "3´s Kortbetaling" "Telefoni & internet" #spiir
  spiir-id: "637674661371836633"
  Assets:Checking:Primary  -200.00 DKK
  Expenses:Subscriptions:Telecom  200.00 DKK

2021-07-01 * "Faste fællesudgifter" "Sundheds- & sygeforsikring" #spiir
  spiir-id: "637674667688268887"
  Assets:Checking:Fixed  500.00 DKK
  Expenses:Insurance:Health  -500.00 DKK

2021-07-01 * "Fast Overførsel - Patric" "Sundheds- & sygeforsikring" #spiir
  spiir-id: "637674667688268888"
  Assets:Checking:Fixed  500.00 DKK
  Expenses:Insurance:Health  -500.00 DKK

2021-07-01 * "iCloud" "Online services & software" #spiir
  spiir-id: "637674667688268889"
  Assets:Checking:Fixed  -69.00 DKK
  Expenses:Subscriptions:Software  69.00 DKK

2021-07-02 * "telia.dk" "Telefoni & internet" #spiir
  spiir-id: "637674667688268886"
  Assets:Checking:Fixed  -249.00 DKK
  Expenses:Subscriptions:Telecom  249.00 DKK

2021-07-05 * "Rejsekort - DSB" "Bus, tog, færge o.l." #spiir
  spiir-id: "637674661371663216"
  Assets:Checking:Primary  -300.00 DKK
  Expenses:Transport:Public  300.00 DKK

2021-07-06 * "TAP 21 CRAFT BER Frederiksberg" "Bar, cafe & restaurant" #spiir
  spiir-id: "637674661371663215"
  Assets:Checking:Primary  -50.00 DKK
  Expenses:Food:Restaurant  50.00 DKK

2021-07-07 * "tipster.dk 10-54" "Bar, cafe & restaurant" #spiir
  spiir-id: "637674661371663214"
  Assets:Checking:Primary  -198.00 DKK
  Expenses:Food:Restaurant  198.00 DKK

2021-07-08 * "Foodgear Shop ApS" "Møbler & boligudstyr" #spiir
  spiir-id: "637674661371663212"
  Assets:Checking:Primary  -180.00 DKK
  Expenses:Shopping:Furniture  180.00 DKK

2021-07-08 * "MobilePay Dessouky" "Bar, cafe & restaurant" #spiir
  spiir-id: "637674661371663213"
  Assets:Checking:Primary  -214.00 DKK
  Expenses:Food:Restaurant  214.00 DKK

2021-07-09 * "tipster.dk 33-29" "Bar, cafe & restaurant" #spiir
  spiir-id: "637674661371663210"
  Assets:Checking:Primary  -100.00 DKK
  Expenses:Food:Restaurant  100.00 DKK

2021-07-09 * "Fermentoren Beer Bar - Kobenhavn" "Tobak & alkohol" #spiir
  spiir-id: "637674661371663211"
  Assets:Checking:Primary  -50.00 DKK
  Expenses:Food:Alcohol  50.00 DKK

2021-07-12 * "MobilePay Urmas Roostalu" "Elektronik & computerudstyr" #spiir
  spiir-id: "637674661371663207"
  Assets:Checking:Primary  -7000.00 DKK
  Expenses:Shopping:Electronics  7000.00 DKK

2021-07-12 * "Fermentoren Beer Bar - Kobenhavn" "Tobak & alkohol" #spiir
  spiir-id: "637674661371663208"
  Assets:Checking:Primary  -60.00 DKK
  Expenses:Food:Alcohol  60.00 DKK

2021-07-12 * "Fermentoren Beer Bar - Kobenhavn" "Tobak & alkohol" #spiir
  spiir-id: "637674661371663209"
  Assets:Checking:Primary  -45.00 DKK
  Expenses:Food:Alcohol  45.00 DKK

2021-07-13 * "MobilePay Lawand Khalid Jamal" "" #spiir
  spiir-id: "637674661371663206"
  Assets:Checking:Primary  -34.00 DKK
  Expenses:Uncategorized  34.00 DKK

2021-07-15 * "Audible*295H48K02 Amzn.com/bill" "Online services & software" #spiir
  spiir-id: "637674661371663203"
  Assets:Checking:Primary  -110.19 DKK
  Expenses:Subscriptions:Software  110.19 DKK

2021-07-15 * "Gamle Scene - Restaurant Koebenh" "Bar, cafe & restaurant" #spiir
  spiir-id: "637674661371663204"
  Assets:Checking:Primary  -35.00 DKK
  Expenses:Food:Restaurant  35.00 DKK

2021-07-15 * "Doep - Den Oekologiske Po Koebenh" "" #spiir
  spiir-id: "637674661371663205"
  Assets:Checking:Primary  -42.00 DKK
  Expenses:Uncategorized  42.00 DKK

2021-07-16 * "chilihouse.dk" "Dagligvarer" #spiir
  spiir-id: "637674661371663200"
  Assets:Checking:Primary  -335.00 DKK
  Expenses:Food:Groceries  335.00 DKK

2021-07-16 * "chilihouse.dk" "Dagligvarer" #spiir
  spiir-id: "637674661371663201"
  Assets:Checking:Primary  -167.00 DKK
  Expenses:Food:Groceries  167.00 DKK

2021-07-16 * "MobilePay Orion Madsen" "Gaver & velgørenhed" #spiir
  spiir-id: "637674661371663202"
  Assets:Checking:Primary  -750.00 DKK
  Expenses:Gifts  750.00 DKK

2021-07-18 * "MobilePay Martin Lund" "" #spiir
  spiir-id: "637674661371663199"
  Assets:Checking:Primary  -2500.00 DKK
  Expenses:Uncategorized  2500.00 DKK

2021-07-19 * "MobilePay Lee Ann Hollesen" "Hobby & sportsudstyr" #spiir
  spiir-id: "637674661371663195"
  Assets:Checking:Primary  500.00 DKK
  Expenses:Shopping:Sports  -500.00 DKK

2021-07-19 * "Den Grønlandske Ha" "Bar, cafe & restaurant" #spiir
  spiir-id: "637674661371663196"
  Assets:Checking:Primary  -254.00 DKK
  Expenses:Food:Restaurant  254.00 DKK

2021-07-19 * "Vores Kaffebar ApS" "Bar, cafe & restaurant" #spiir
  spiir-id: "637674661371663197"
  Assets:Checking:Primary  -33.00 DKK
  Expenses:Food:Restaurant  33.00 DKK

2021-07-19 * "CPH Bike Shop" "Værksted & reservedele" #spiir
  spiir-id: "637674661371663198"
  Assets:Checking:Primary  -424.00 DKK
  Expenses:Car:Service  424.00 DKK

2021-07-20 * "ROSFORTH ROSFORTH ApS K benhavn" "Gaver & velgørenhed" #spiir
  spiir-id: "637674661371663194"
  Assets:Checking:Primary  -350.00 DKK
  Expenses:Gifts  350.00 DKK

2021-07-20 * "SpotifySE" "Film, musik & læsestof" #spiir
  spiir-id: "637674667688268885"
  Assets:Checking:Fixed  -124.00 DKK
  Expenses:Entertainment:Media  124.00 DKK

2021-07-22 * "Metro Service A/S" "Bøder & afgifter" #spiir
  spiir-id: "637674661371663193"
  Assets:Checking:Primary  -100.00 DKK
  Expenses:Tax:Fines  100.00 DKK

2021-07-23 * "Fanølinjen.dk" "Ferieaktiviteter" #spiir
  spiir-id: "637674661371507009"
  Assets:Checking:Primary  -399.00 DKK
  Expenses:Travel:Activities  399.00 DKK

2021-07-23 * "Vores Kaffebar Aps Koebenhavn S" "Bar, cafe & restaurant" #spiir
  spiir-id: "637674661371507010"
  Assets:Checking:Primary  -33.00 DKK
  Expenses:Food:Restaurant  33.00 DKK

2021-07-24 * "MobilePay Kasper & The Donut Expres" "" #spiir
  spiir-id: "637674661371507008"
  Assets:Checking:Primary  -150.00 DKK
  Expenses:Uncategorized  150.00 DKK

2021-07-25 * "MobilePay Jens Ernst Nielsen" "Dagligvarer" #spiir
  spiir-id: "637674667931272541"
  Assets:Checking:Dagligvarer  -50.00 DKK
  Expenses:Food:Groceries  50.00 DKK

2021-07-26 * "Ok Db Aarslev Aarslev" "Brændstof" #spiir
  spiir-id: "637674661371507007"
  Assets:Checking:Primary  -450.73 DKK
  Expenses:Car:Gas  450.73 DKK

2021-07-26 * "SuperB Nr. Nebel" "Dagligvarer" #spiir
  spiir-id: "637674667931272538"
  Assets:Checking:Dagligvarer  -129.70 DKK
  Expenses:Food:Groceries  129.70 DKK

2021-07-26 * "SPAR Fanø" "Dagligvarer" #spiir
  spiir-id: "637674667931272539"
  Assets:Checking:Dagligvarer  -110.75 DKK
  Expenses:Food:Groceries  110.75 DKK

2021-07-26 * "Q8 Service - 8102 Vissenbjerg" "Brændstof" #spiir
  spiir-id: "637674667931272540"
  Assets:Checking:Dagligvarer  -30.00 DKK
  Expenses:Car:Gas  30.00 DKK

2021-07-27 * "Konsulen Fanoe" "" #spiir
  spiir-id: "637674661371507004"
  Assets:Checking:Primary  -210.00 DKK
  Expenses:Uncategorized  210.00 DKK

2021-07-27 * "Fanoe Bryghus Fanoe" "Tobak & alkohol" #spiir
  spiir-id: "637674661371507005"
  Assets:Checking:Primary  -280.00 DKK
  Expenses:Food:Alcohol  280.00 DKK

2021-07-27 * "Kjaeldgaard Ribe" "" #spiir
  spiir-id: "637674661371507006"
  Assets:Checking:Primary  -35.00 DKK
  Expenses:Uncategorized  35.00 DKK

2021-07-27 * "Fanoe Vaffel og Bolchehus Fanoe" "Bar, cafe & restaurant" #spiir
  spiir-id: "637674667931272535"
  Assets:Checking:Dagligvarer  -75.00 DKK
  Expenses:Food:Restaurant  75.00 DKK

2021-07-27 * "Itunes.Com" "Online services & software" #spiir
  spiir-id: "637674667931272536"
  Assets:Checking:Dagligvarer  -235.00 DKK
  Expenses:Subscriptions:Software  235.00 DKK

2021-07-27 * "Kaffemanden.Com Vejle" "Bar, cafe & restaurant" #spiir
  spiir-id: "637674667931272537"
  Assets:Checking:Dagligvarer  -85.00 DKK
  Expenses:Food:Restaurant  85.00 DKK

2021-07-28 * "Netto Noerre Nebel Noerre-Nebel" "Dagligvarer" #spiir
  spiir-id: "637674667931272533"
  Assets:Checking:Dagligvarer  -132.60 DKK
  Expenses:Food:Groceries  132.60 DKK

2021-07-28 * "Fakta 273 Noerre-Nebel" "Dagligvarer" #spiir
  spiir-id: "637674667931272534"
  Assets:Checking:Dagligvarer  -327.13 DKK
  Expenses:Food:Groceries  327.13 DKK

2021-07-30 * "3´s Kortbetaling" "Telefoni & internet" #spiir
  spiir-id: "637674661371507000"
  Assets:Checking:Primary  -200.00 DKK
  Expenses:Subscriptions:Telecom  200.00 DKK

2021-07-30 * "Hvide Sande Røgeri" "Dagligvarer" #spiir
  spiir-id: "637674661371507001"
  Assets:Checking:Primary  -171.50 DKK
  Expenses:Food:Groceries  171.50 DKK

2021-07-30 * "Hvide Sande Røgeri" "Dagligvarer" #spiir
  spiir-id: "637674661371507002"
  Assets:Checking:Primary  -124.32 DKK
  Expenses:Food:Groceries  124.32 DKK

2021-07-30 * "Lønoverførsel" "Løn" #spiir
  spiir-id: "637674661371507003"
  Assets:Checking:Primary  34691.33 DKK
  Income:Salary  -34691.33 DKK

2021-07-30 * "Niels Soeholm Kobenhavn" "Dagligvarer" #spiir
  spiir-id: "637674667931272532"
  Assets:Checking:Dagligvarer  -295.50 DKK
  Expenses:Food:Groceries  295.50 DKK

2021-08-02 * "Faste Fællesudgifter" "Sundheds- & sygeforsikring" #spiir
  spiir-id: "637674661371506995"
  Assets:Checking:Primary  -500.00 DKK
  Expenses:Insurance:Health  500.00 DKK

2021-08-02 * "Kærestekonto" "Dagligvarer" #spiir
  spiir-id: "637674661371506996"
  Assets:Checking:Primary  -2000.00 DKK
  Expenses:Food:Groceries  2000.00 DKK

2021-08-02 * "Husleje" "Boliglån/husleje" #spiir
  spiir-id: "637674661371506997"
  Assets:Checking:Primary  -5000.00 DKK
  Expenses:House:Mortgage  5000.00 DKK

2021-08-02 * "iCloud Fastefæll.udgifte" "Online services & software" #spiir
  spiir-id: "637674661371506998"
  Assets:Checking:Primary  69.00 DKK
  Expenses:Subscriptions:Software  -69.00 DKK

2021-08-02 * "Sp Lead Out€ Httpsleadoutg" "" #spiir
  spiir-id: "637674661371506999"
  Assets:Checking:Primary  -319.15 DKK
  Expenses:Uncategorized  319.15 DKK

2021-08-02 * "Faste fællesudgifter" "Sundheds- & sygeforsikring" #spiir
  spiir-id: "637674667688268880"
  Assets:Checking:Fixed  500.00 DKK
  Expenses:Insurance:Health  -500.00 DKK

2021-08-02 * "Fast Overførsel - Patric" "Sundheds- & sygeforsikring" #spiir
  spiir-id: "637674667688268881"
  Assets:Checking:Fixed  500.00 DKK
  Expenses:Insurance:Health  -500.00 DKK

2021-08-02 * "iCloud" "Online services & software" #spiir
  spiir-id: "637674667688268882"
  Assets:Checking:Fixed  -69.00 DKK
  Expenses:Subscriptions:Software  69.00 DKK

2021-08-02 * "Tryg" "Indbo- & familieforsikring" #spiir
  spiir-id: "637674667688268883"
  Assets:Checking:Fixed  -529.15 DKK
  Expenses:House:Contents-Insurance  529.15 DKK

2021-08-02 * "Tryg" "Indbo- & familieforsikring" #spiir
  spiir-id: "637674667688268884"
  Assets:Checking:Fixed  -561.51 DKK
  Expenses:House:Contents-Insurance  561.51 DKK

2021-08-02 * "MobilePay LiA Gelato" "" #spiir
  spiir-id: "637674667931272529"
  Assets:Checking:Dagligvarer  -70.00 DKK
  Expenses:Uncategorized  70.00 DKK

2021-08-02 * "Antivægttab" "Dagligvarer" #spiir
  spiir-id: "637674667931272530"
  Assets:Checking:Dagligvarer  2000.00 DKK
  Expenses:Food:Groceries  -2000.00 DKK

2021-08-02 * "Underminer træning.." "Dagligvarer" #spiir
  spiir-id: "637674667931272531"
  Assets:Checking:Dagligvarer  2000.00 DKK
  Expenses:Food:Groceries  -2000.00 DKK

2021-08-03 * "Parkman" "Parkering" #spiir
  spiir-id: "637674661371506994"
  Assets:Checking:Primary  -66.23 DKK
  Expenses:Car:Parking  66.23 DKK

2021-08-03 * "telia.dk" "Telefoni & internet" #spiir
  spiir-id: "637674667688268879"
  Assets:Checking:Fixed  -249.00 DKK
  Expenses:Subscriptions:Telecom  249.00 DKK

2021-08-03 * "Parkman" "Parkering" #spiir
  spiir-id: "637674667931272527"
  Assets:Checking:Dagligvarer  -8.73 DKK
  Expenses:Car:Parking  8.73 DKK

2021-08-03 * "BroBizz - SBF F/S" "Bus, tog, færge o.l." #spiir
  spiir-id: "637674667931272528"
  Assets:Checking:Dagligvarer  -194.00 DKK
  Expenses:Transport:Public  194.00 DKK

2021-08-04 * "Aldi 064 Koebenhavn S" "Dagligvarer" #spiir
  spiir-id: "637674667931272524"
  Assets:Checking:Dagligvarer  -52.40 DKK
  Expenses:Food:Groceries  52.40 DKK

2021-08-04 * "Netto Backersvej Koebenhavn S" "Dagligvarer" #spiir
  spiir-id: "637674667931272525"
  Assets:Checking:Dagligvarer  -86.90 DKK
  Expenses:Food:Groceries  86.90 DKK

2021-08-04 * "Parkman" "Parkering" #spiir
  spiir-id: "637674667931272526"
  Assets:Checking:Dagligvarer  -33.06 DKK
  Expenses:Car:Parking  33.06 DKK

2021-08-05 * "AmerSports Kokkedal" "" #spiir
  spiir-id: "637674661371506992"
  Assets:Checking:Primary  -630.00 DKK
  Expenses:Uncategorized  630.00 DKK

2021-08-05 * "Ida Ingeniørfore. i Danm" "Fagforening & a-kasse" #spiir
  spiir-id: "637674661371506993"
  Assets:Checking:Primary  -878.25 DKK
  Expenses:Insurance:Union  878.25 DKK

2021-08-05 * "Vietnams Supermarked V/Th Koebenh" "Dagligvarer" #spiir
  spiir-id: "637674667931272521"
  Assets:Checking:Dagligvarer  -112.00 DKK
  Expenses:Food:Groceries  112.00 DKK

2021-08-05 * "Rema 1000 Kbh., Oeresunds Koebenh" "Dagligvarer" #spiir
  spiir-id: "637674667931272522"
  Assets:Checking:Dagligvarer  -32.00 DKK
  Expenses:Food:Groceries  32.00 DKK

2021-08-05 * "Aldi Amager 017 Karlslunde" "Dagligvarer" #spiir
  spiir-id: "637674667931272523"
  Assets:Checking:Dagligvarer  -35.95 DKK
  Expenses:Food:Groceries  35.95 DKK

2021-08-06 * "føtex food Kr. Ber" "Dagligvarer" #spiir
  spiir-id: "637674661371506989"
  Assets:Checking:Primary  -24.95 DKK
  Expenses:Food:Groceries  24.95 DKK

2021-08-06 * "The Beer Hive Kobenhavn S" "Tobak & alkohol" #spiir
  spiir-id: "637674661371506990"
  Assets:Checking:Primary  -109.00 DKK
  Expenses:Food:Alcohol  109.00 DKK

2021-08-06 * "KEBABISTAN Koebenhavn s" "Fastfood & takeaway" #spiir
  spiir-id: "637674661371506991"
  Assets:Checking:Primary  -140.00 DKK
  Expenses:Food:Takeaway  140.00 DKK

2021-08-06 * "Babysam Fields Koebenhavn S" "Babyudstyr" #spiir
  spiir-id: "637674667931272519"
  Assets:Checking:Dagligvarer  -120.00 DKK
  Expenses:Kids:Baby  120.00 DKK

2021-08-06 * "Rema 1000 Oerestad City, Koebenh" "Dagligvarer" #spiir
  spiir-id: "637674667931272520"
  Assets:Checking:Dagligvarer  -47.50 DKK
  Expenses:Food:Groceries  47.50 DKK

2021-08-09 * "Sommerland Sjællan" "Ferieaktiviteter" #spiir
  spiir-id: "637674661371506988"
  Assets:Checking:Primary  -30.00 DKK
  Expenses:Travel:Activities  30.00 DKK

2021-08-09 * "Sommerland Sjællan" "Ferieaktiviteter" #spiir
  spiir-id: "637674667931272516"
  Assets:Checking:Dagligvarer  -39.00 DKK
  Expenses:Travel:Activities  39.00 DKK

2021-08-09 * "Netto Backersvej Koebenhavn S" "Dagligvarer" #spiir
  spiir-id: "637674667931272517"
  Assets:Checking:Dagligvarer  -17.90 DKK
  Expenses:Food:Groceries  17.90 DKK

2021-08-09 * "Coop Kvickly Strandlodsve Koebenh" "Dagligvarer" #spiir
  spiir-id: "637674667931272518"
  Assets:Checking:Dagligvarer  -146.10 DKK
  Expenses:Food:Groceries  146.10 DKK

2021-08-10 * "MobilePay Dessouky" "Bar, cafe & restaurant" #spiir
  spiir-id: "637674661371506985"
  Assets:Checking:Primary  144.00 DKK
  Expenses:Food:Restaurant  -144.00 DKK

2021-08-10 * "MobilePay Dan Meakin" "Bar, cafe & restaurant" #spiir
  spiir-id: "637674661371506986"
  Assets:Checking:Primary  139.00 DKK
  Expenses:Food:Restaurant  -139.00 DKK

2021-08-10 * "SOMMERLAND SJAELLAND Noerre asmin" "Tobak & alkohol" #spiir
  spiir-id: "637674661371506987"
  Assets:Checking:Primary  -30.00 DKK
  Expenses:Food:Alcohol  30.00 DKK

2021-08-10 * "Vietnams Supermarked V/Th Koebenh" "Dagligvarer" #spiir
  spiir-id: "637674667931272511"
  Assets:Checking:Dagligvarer  -135.00 DKK
  Expenses:Food:Groceries  135.00 DKK

2021-08-10 * "Netto Backersvej Koebenhavn S" "Dagligvarer" #spiir
  spiir-id: "637674667931272512"
  Assets:Checking:Dagligvarer  -91.95 DKK
  Expenses:Food:Groceries  91.95 DKK

2021-08-10 * "Vietnams Supermarked V/Th Koebenh" "Dagligvarer" #spiir
  spiir-id: "637674667931272513"
  Assets:Checking:Dagligvarer  -287.00 DKK
  Expenses:Food:Groceries  287.00 DKK

2021-08-10 * "Itunes.Com" "Online services & software" #spiir
  spiir-id: "637674667931272514"
  Assets:Checking:Dagligvarer  -17.00 DKK
  Expenses:Subscriptions:Software  17.00 DKK

2021-08-10 * "SOMMERLAND SJAELLAND Noerre asmin" "Bar, cafe & restaurant" #spiir
  spiir-id: "637674667931272515"
  Assets:Checking:Dagligvarer  -39.00 DKK
  Expenses:Food:Restaurant  39.00 DKK

2021-08-11 * "7-Eleven B021" "Kiosk, bager & specialbutikker" #spiir
  spiir-id: "637674661371506984"
  Assets:Checking:Primary  -32.00 DKK
  Expenses:Food:Kiosk  32.00 DKK

2021-08-11 * "Netto Backersvej" "Dagligvarer" #spiir
  spiir-id: "637674667931272509"
  Assets:Checking:Dagligvarer  -84.65 DKK
  Expenses:Food:Groceries  84.65 DKK

2021-08-11 * "REMA 1000 Ørestad" "Dagligvarer" #spiir
  spiir-id: "637674667931272510"
  Assets:Checking:Dagligvarer  -16.95 DKK
  Expenses:Food:Groceries  16.95 DKK

2021-08-12 * "Rejsekort - DSB" "Bus, tog, færge o.l." #spiir
  spiir-id: "637674661371506981"
  Assets:Checking:Primary  -300.00 DKK
  Expenses:Transport:Public  300.00 DKK

2021-08-12 * "McDonalds Kgs Nytorv Koebenhavn k" "Fastfood & takeaway" #spiir
  spiir-id: "637674661371506982"
  Assets:Checking:Primary  -88.00 DKK
  Expenses:Food:Takeaway  88.00 DKK

2021-08-12 * "Wolt Copenhagen" "Fastfood & takeaway" #spiir
  spiir-id: "637674661371506983"
  Assets:Checking:Primary  -422.00 DKK
  Expenses:Food:Takeaway  422.00 DKK

2021-08-12 * "Apple.Com/Bill" "Online services & software" #spiir
  spiir-id: "637674667931272508"
  Assets:Checking:Dagligvarer  -35.00 DKK
  Expenses:Subscriptions:Software  35.00 DKK

2021-08-13 * "Himmeriget Frederiksberg" "Tobak & alkohol" #spiir
  spiir-id: "637674661371506978"
  Assets:Checking:Primary  -80.00 DKK
  Expenses:Food:Alcohol  80.00 DKK

2021-08-13 * "Himmeriget Frederiksberg" "Tobak & alkohol" #spiir
  spiir-id: "637674661371506979"
  Assets:Checking:Primary  -70.00 DKK
  Expenses:Food:Alcohol  70.00 DKK

2021-08-13 * "Himmeriget Frederiksberg" "Tobak & alkohol" #spiir
  spiir-id: "637674661371506980"
  Assets:Checking:Primary  -75.00 DKK
  Expenses:Food:Alcohol  75.00 DKK

2021-08-15 * "MobilePay Anders Møller" "" #spiir
  spiir-id: "637674661371506976"
  Assets:Checking:Primary  -200.00 DKK
  Expenses:Uncategorized  200.00 DKK

2021-08-15 * "MobilePay Søster flora" "" #spiir
  spiir-id: "637674661371506977"
  Assets:Checking:Primary  -30.00 DKK
  Expenses:Uncategorized  30.00 DKK

2021-08-16 * "tipster.dk 38-78" "Bar, cafe & restaurant" #spiir
  spiir-id: "637674661371506972"
  Assets:Checking:Primary  -150.00 DKK
  Expenses:Food:Restaurant  150.00 DKK

2021-08-16 * "Wolt Copenhagen" "Fastfood & takeaway" #spiir
  spiir-id: "637674661371506973"
  Assets:Checking:Primary  -141.00 DKK
  Expenses:Food:Takeaway  141.00 DKK

2021-08-16 * "Kids Corner Kdbenhavn S D" "Gaver & velgørenhed" #spiir
  spiir-id: "637674661371506974"
  Assets:Checking:Primary  -119.90 DKK
  Expenses:Gifts  119.90 DKK

2021-08-16 * "UZR*Bike 24 GmbH Dresden" "Hobby & sportsudstyr" #spiir
  spiir-id: "637674661371506975"
  Assets:Checking:Primary  -1654.62 DKK
  Expenses:Shopping:Sports  1654.62 DKK

2021-08-16 * "Føtex Greve Center" "Dagligvarer" #spiir
  spiir-id: "637674667931272506"
  Assets:Checking:Dagligvarer  -224.85 DKK
  Expenses:Food:Groceries  224.85 DKK

2021-08-16 * "Vietnams Supermarked V/Th Koebenh" "Dagligvarer" #spiir
  spiir-id: "637674667931272507"
  Assets:Checking:Dagligvarer  -101.00 DKK
  Expenses:Food:Groceries  101.00 DKK

2021-08-17 * "Audible*2P9IM19B2 Amzn.com/bill" "Hobby & sportsudstyr" #spiir
  spiir-id: "637674661371506970"
  Assets:Checking:Primary  -111.25 DKK
  Expenses:Shopping:Sports  111.25 DKK

2021-08-17 * "Bogart Koege Aps Koege" "" #spiir
  spiir-id: "637674661371506971"
  Assets:Checking:Primary  -250.00 DKK
  Expenses:Uncategorized  250.00 DKK

2021-08-17 * "Vietnams Supermark" "Dagligvarer" #spiir
  spiir-id: "637674667931272496"
  Assets:Checking:Dagligvarer  -67.00 DKK
  Expenses:Food:Groceries  67.00 DKK

2021-08-17 * "MENY Rødovre" "Dagligvarer" #spiir
  spiir-id: "637674667931272497"
  Assets:Checking:Dagligvarer  -116.27 DKK
  Expenses:Food:Groceries  116.27 DKK

2021-08-17 * "Sanne S Desserter Koge" "" #spiir
  spiir-id: "637674667931272498"
  Assets:Checking:Dagligvarer  -92.00 DKK
  Expenses:Uncategorized  92.00 DKK

2021-08-17 * "Netto Greve Center Greve" "Dagligvarer" #spiir
  spiir-id: "637674667931272499"
  Assets:Checking:Dagligvarer  -52.95 DKK
  Expenses:Food:Groceries  52.95 DKK

2021-08-17 * "Lagkagehuset Koege Koege" "Kiosk, bager & specialbutikker" #spiir
  spiir-id: "637674667931272500"
  Assets:Checking:Dagligvarer  -61.00 DKK
  Expenses:Food:Kiosk  61.00 DKK

2021-08-17 * "Cinda Aps Kobenhavn S" "Dagligvarer" #spiir
  spiir-id: "637674667931272501"
  Assets:Checking:Dagligvarer  -124.00 DKK
  Expenses:Food:Groceries  124.00 DKK

2021-08-17 * "Netto Jerismosevej Greve" "Dagligvarer" #spiir
  spiir-id: "637674667931272502"
  Assets:Checking:Dagligvarer  -150.50 DKK
  Expenses:Food:Groceries  150.50 DKK

2021-08-17 * "Rema 1000 Greve Greve" "Dagligvarer" #spiir
  spiir-id: "637674667931272503"
  Assets:Checking:Dagligvarer  -114.35 DKK
  Expenses:Food:Groceries  114.35 DKK

2021-08-17 * "Netto Jerismosevej Greve" "Dagligvarer" #spiir
  spiir-id: "637674667931272504"
  Assets:Checking:Dagligvarer  -90.00 DKK
  Expenses:Food:Groceries  90.00 DKK

2021-08-17 * "ATM payment 2360-4334" "Kontanthævning & check" #spiir
  spiir-id: "637674667931272505"
  Assets:Checking:Dagligvarer  -200.00 DKK
  Expenses:Cash  200.00 DKK

2021-08-18 * "10-4.dk" "Ombygning & vedligehold" #spiir
  spiir-id: "637674661371506969"
  Assets:Checking:Primary  -1756.30 DKK
  Expenses:House:Renovation  1756.30 DKK

2021-08-18 * "Netto Jerismosevej" "Dagligvarer" #spiir
  spiir-id: "637674667931272494"
  Assets:Checking:Dagligvarer  -83.85 DKK
  Expenses:Food:Groceries  83.85 DKK

2021-08-18 * "Halalslagter" "Dagligvarer" #spiir
  spiir-id: "637674667931272495"
  Assets:Checking:Dagligvarer  -77.00 DKK
  Expenses:Food:Groceries  77.00 DKK

2021-08-19 * "MobilePay Søster flora" "" #spiir
  spiir-id: "637674661371506967"
  Assets:Checking:Primary  -30.00 DKK
  Expenses:Uncategorized  30.00 DKK

2021-08-19 * "The Beer Hive Kobenhavn S" "Tobak & alkohol" #spiir
  spiir-id: "637674661371506968"
  Assets:Checking:Primary  -368.00 DKK
  Expenses:Food:Alcohol  368.00 DKK

2021-08-19 * "SpotifySE" "Film, musik & læsestof" #spiir
  spiir-id: "637674667688268878"
  Assets:Checking:Fixed  -124.00 DKK
  Expenses:Entertainment:Media  124.00 DKK

2021-08-19 * "Babysam Tåstrup" "Babyudstyr" #spiir
  spiir-id: "637674667931272491"
  Assets:Checking:Dagligvarer  -49.95 DKK
  Expenses:Kids:Baby  49.95 DKK

2021-08-19 * "KEBABISTAN Koebenhavn s" "Fastfood & takeaway" #spiir
  spiir-id: "637674667931272492"
  Assets:Checking:Dagligvarer  -110.00 DKK
  Expenses:Food:Takeaway  110.00 DKK

2021-08-19 * "Apple.Com/Bill" "Online services & software" #spiir
  spiir-id: "637674667931272493"
  Assets:Checking:Dagligvarer  -69.00 DKK
  Expenses:Subscriptions:Software  69.00 DKK

2021-08-20 * "MobilePay Søster flora" "Bar, cafe & restaurant" #spiir
  spiir-id: "637674661371506966"
  Assets:Checking:Primary  -30.00 DKK
  Expenses:Food:Restaurant  30.00 DKK

2021-08-20 * "Matas" "Frisør & personlig pleje" #spiir
  spiir-id: "637674667931272489"
  Assets:Checking:Dagligvarer  -44.95 DKK
  Expenses:Shopping:Personal-Care  44.95 DKK

2021-08-20 * "MobilePay T.S. RETAIL A/S" "" #spiir
  spiir-id: "637674667931272490"
  Assets:Checking:Dagligvarer  -50.00 DKK
  Expenses:Uncategorized  50.00 DKK

2021-08-22 * "MobilePay Søster flora" "Bar, cafe & restaurant" #spiir
  spiir-id: "637674661371506965"
  Assets:Checking:Primary  -30.00 DKK
  Expenses:Food:Restaurant  30.00 DKK

2021-08-22 * "MobilePay Camilla" "" #spiir
  spiir-id: "637674667931272488"
  Assets:Checking:Dagligvarer  -40.00 DKK
  Expenses:Uncategorized  40.00 DKK

2021-08-24 * "føtex food Kr. Ber" "Dagligvarer" #spiir
  spiir-id: "637674661371506961"
  Assets:Checking:Primary  -29.85 DKK
  Expenses:Food:Groceries  29.85 DKK

2021-08-24 * "Kaffekilden Roskilde Roskilde" "Bar, cafe & restaurant" #spiir
  spiir-id: "637674661371506962"
  Assets:Checking:Primary  -30.00 DKK
  Expenses:Food:Restaurant  30.00 DKK

2021-08-24 * "Foetex Greve Center Greve" "Dagligvarer" #spiir
  spiir-id: "637674661371506963"
  Assets:Checking:Primary  -88.00 DKK
  Expenses:Food:Groceries  88.00 DKK

2021-08-24 * "Apoteket Ros Torv Roskilde" "Apotek & medicin" #spiir
  spiir-id: "637674661371506964"
  Assets:Checking:Primary  -88.55 DKK
  Expenses:Health:Pharmacy  88.55 DKK

2021-08-24 * "Fra Lee Ann Hollesen" "Dagligvarer" #spiir
  spiir-id: "637674667931272482"
  Assets:Checking:Dagligvarer  200.00 DKK
  Expenses:Food:Groceries  -200.00 DKK

2021-08-24 * "EasyPark A/S easypark.dk" "Parkering" #spiir
  spiir-id: "637674667931272483"
  Assets:Checking:Dagligvarer  -20.80 DKK
  Expenses:Car:Parking  20.80 DKK

2021-08-24 * "Klai S Kitchen Roskilde" "" #spiir
  spiir-id: "637674667931272484"
  Assets:Checking:Dagligvarer  -322.00 DKK
  Expenses:Uncategorized  322.00 DKK

2021-08-24 * "Foetex Greve Center Greve" "Dagligvarer" #spiir
  spiir-id: "637674667931272485"
  Assets:Checking:Dagligvarer  -14.95 DKK
  Expenses:Food:Groceries  14.95 DKK

2021-08-24 * "Netto Jerismosevej Greve" "Dagligvarer" #spiir
  spiir-id: "637674667931272486"
  Assets:Checking:Dagligvarer  -14.00 DKK
  Expenses:Food:Groceries  14.00 DKK

2021-08-24 * "Normal A/S - Ros Torv Roskilde" "Dagligvarer" #spiir
  spiir-id: "637674667931272487"
  Assets:Checking:Dagligvarer  -75.00 DKK
  Expenses:Food:Groceries  75.00 DKK

2021-08-25 * "Kaf Bar Kobenhavn K" "Bar, cafe & restaurant" #spiir
  spiir-id: "637674661371506959"
  Assets:Checking:Primary  -25.00 DKK
  Expenses:Food:Restaurant  25.00 DKK

2021-08-25 * "Den Grønlandske Ha" "Bar, cafe & restaurant" #spiir
  spiir-id: "637674661371506960"
  Assets:Checking:Primary  -95.00 DKK
  Expenses:Food:Restaurant  95.00 DKK

2021-08-25 * "Coop App MO8T2" "Dagligvarer" #spiir
  spiir-id: "637674667931272477"
  Assets:Checking:Dagligvarer  -21.50 DKK
  Expenses:Food:Groceries  21.50 DKK

2021-08-25 * "Coop Kvickly Strandlodsve Koebenh" "Dagligvarer" #spiir
  spiir-id: "637674667931272478"
  Assets:Checking:Dagligvarer  -89.10 DKK
  Expenses:Food:Groceries  89.10 DKK

2021-08-25 * "Fakta Strandlodsvej Koebenhavn S" "Dagligvarer" #spiir
  spiir-id: "637674667931272479"
  Assets:Checking:Dagligvarer  -62.95 DKK
  Expenses:Food:Groceries  62.95 DKK

2021-08-25 * "Netto Backersvej Koebenhavn S" "Dagligvarer" #spiir
  spiir-id: "637674667931272480"
  Assets:Checking:Dagligvarer  -29.45 DKK
  Expenses:Food:Groceries  29.45 DKK

2021-08-25 * "Aldi 064 Koebenhavn S" "Dagligvarer" #spiir
  spiir-id: "637674667931272481"
  Assets:Checking:Dagligvarer  -65.40 DKK
  Expenses:Food:Groceries  65.40 DKK

2021-08-26 * "Tipsy Mermaid Kobenhavn K" "Bar, cafe & restaurant" #spiir
  spiir-id: "637674661371506958"
  Assets:Checking:Primary  -120.00 DKK
  Expenses:Food:Restaurant  120.00 DKK

2021-08-26 * "Den Groenlandske Handelsp Koebenh" "Fastfood & takeaway" #spiir
  spiir-id: "637674667931272476"
  Assets:Checking:Dagligvarer  -40.00 DKK
  Expenses:Food:Takeaway  40.00 DKK

2021-08-27 * "Til Kærestekonto" "Dagligvarer" #spiir
  spiir-id: "637674661371506956"
  Assets:Checking:Primary  -200.00 DKK
  Expenses:Food:Groceries  200.00 DKK

2021-08-27 * "Til Kærestekonto" "Dagligvarer" #spiir
  spiir-id: "637674661371506957"
  Assets:Checking:Primary  -500.00 DKK
  Expenses:Food:Groceries  500.00 DKK

2021-08-27 * "Fra Primary" "Dagligvarer" #spiir
  spiir-id: "637674667931272469"
  Assets:Checking:Dagligvarer  200.00 DKK
  Expenses:Food:Groceries  -200.00 DKK

2021-08-27 * "Fra Lee Ann Hollesen" "Dagligvarer" #spiir
  spiir-id: "637674667931272470"
  Assets:Checking:Dagligvarer  500.00 DKK
  Expenses:Food:Groceries  -500.00 DKK

2021-08-27 * "Fra Primary" "Dagligvarer" #spiir
  spiir-id: "637674667931272471"
  Assets:Checking:Dagligvarer  500.00 DKK
  Expenses:Food:Groceries  -500.00 DKK

2021-08-27 * "Netto Backersvej" "Dagligvarer" #spiir
  spiir-id: "637674667931272472"
  Assets:Checking:Dagligvarer  -108.85 DKK
  Expenses:Food:Groceries  108.85 DKK

2021-08-27 * "Føtex Amagercent" "Dagligvarer" #spiir
  spiir-id: "637674667931272473"
  Assets:Checking:Dagligvarer  -169.10 DKK
  Expenses:Food:Groceries  169.10 DKK

2021-08-27 * "Flying Tiger Cph27" "Møbler & boligudstyr" #spiir
  spiir-id: "637674667931272474"
  Assets:Checking:Dagligvarer  -40.00 DKK
  Expenses:Shopping:Furniture  40.00 DKK

2021-08-27 * "Green Mango Christians K benhavn" "Bar, cafe & restaurant" #spiir
  spiir-id: "637674667931272475"
  Assets:Checking:Dagligvarer  -322.00 DKK
  Expenses:Food:Restaurant  322.00 DKK

2021-08-30 * "Fakta Strandlodsve" "Dagligvarer" #spiir
  spiir-id: "637674661371506953"
  Assets:Checking:Primary  -69.95 DKK
  Expenses:Food:Groceries  69.95 DKK

2021-08-30 * "tipster.dk 86-66" "Bar, cafe & restaurant" #spiir
  spiir-id: "637674661371506954"
  Assets:Checking:Primary  -150.00 DKK
  Expenses:Food:Restaurant  150.00 DKK

2021-08-30 * "Blue Raven" "Bar, cafe & restaurant" #spiir
  spiir-id: "637674661371506955"
  Assets:Checking:Primary  -215.00 DKK
  Expenses:Food:Restaurant  215.00 DKK

2021-08-30 * "Coop Kvickly Stran" "Dagligvarer" #spiir
  spiir-id: "637674667931272464"
  Assets:Checking:Dagligvarer  -589.84 DKK
  Expenses:Food:Groceries  589.84 DKK

2021-08-30 * "Føtex Amagercent" "Dagligvarer" #spiir
  spiir-id: "637674667931272465"
  Assets:Checking:Dagligvarer  -120.80 DKK
  Expenses:Food:Groceries  120.80 DKK

2021-08-30 * "Aldi Amager" "Dagligvarer" #spiir
  spiir-id: "637674667931272466"
  Assets:Checking:Dagligvarer  -29.96 DKK
  Expenses:Food:Groceries  29.96 DKK

2021-08-30 * "Katrine Soerensen Kobenha" "" #spiir
  spiir-id: "637674667931272467"
  Assets:Checking:Dagligvarer  -40.00 DKK
  Expenses:Uncategorized  40.00 DKK

2021-08-30 * "Grosen & Falkenbergs Aps Koebenh" "" #spiir
  spiir-id: "637674667931272468"
  Assets:Checking:Dagligvarer  -127.00 DKK
  Expenses:Uncategorized  127.00 DKK

2021-08-31 * "3´s Kortbetaling" "Telefoni & internet" #spiir
  spiir-id: "637674661371506949"
  Assets:Checking:Primary  -200.00 DKK
  Expenses:Subscriptions:Telecom  200.00 DKK

2021-08-31 * "Cub Coffee Bar Kobenhavn K" "Bar, cafe & restaurant" #spiir
  spiir-id: "637674661371506950"
  Assets:Checking:Primary  -200.00 DKK
  Expenses:Food:Restaurant  200.00 DKK

2021-08-31 * "Cub Coffee Bar Kobenhavn K" "Bar, cafe & restaurant" #spiir
  spiir-id: "637674661371506951"
  Assets:Checking:Primary  -67.00 DKK
  Expenses:Food:Restaurant  67.00 DKK

2021-08-31 * "Lønoverførsel" "Løn" #spiir
  spiir-id: "637674661371506952"
  Assets:Checking:Primary  35554.93 DKK
  Income:Salary  -35554.93 DKK

2021-08-31 * "Føtex Amagercent" "Dagligvarer" #spiir
  spiir-id: "637674667931272457"
  Assets:Checking:Dagligvarer  -183.37 DKK
  Expenses:Food:Groceries  183.37 DKK

2021-08-31 * "Dianas Bageri Koebenhavn S" "Kiosk, bager & specialbutikker" #spiir
  spiir-id: "637674667931272458"
  Assets:Checking:Dagligvarer  -60.00 DKK
  Expenses:Food:Kiosk  60.00 DKK

2021-08-31 * "Netto Backersvej Koebenhavn S" "Dagligvarer" #spiir
  spiir-id: "637674667931272459"
  Assets:Checking:Dagligvarer  -69.00 DKK
  Expenses:Food:Groceries  69.00 DKK

2021-08-31 * "Normal A/S Koebenhavn S" "Dagligvarer" #spiir
  spiir-id: "637674667931272460"
  Assets:Checking:Dagligvarer  -18.00 DKK
  Expenses:Food:Groceries  18.00 DKK

2021-08-31 * "Vietnams Supermarked V/Th Koebenh" "Dagligvarer" #spiir
  spiir-id: "637674667931272461"
  Assets:Checking:Dagligvarer  -110.00 DKK
  Expenses:Food:Groceries  110.00 DKK

2021-08-31 * "Amager Isenkram Aps Koebenhavn S" "Ombygning & vedligehold" #spiir
  spiir-id: "637674667931272462"
  Assets:Checking:Dagligvarer  -20.00 DKK
  Expenses:House:Renovation  20.00 DKK

2021-08-31 * "Parkering Amagercenteret Koebenh" "Parkering" #spiir
  spiir-id: "637674667931272463"
  Assets:Checking:Dagligvarer  -24.00 DKK
  Expenses:Car:Parking  24.00 DKK

2021-09-01 * "Faste Fællesudgifter" "Sundheds- & sygeforsikring" #spiir
  spiir-id: "637674661371506943"
  Assets:Checking:Primary  -500.00 DKK
  Expenses:Insurance:Health  500.00 DKK

2021-09-01 * "Kærestekonto" "Dagligvarer" #spiir
  spiir-id: "637674661371506944"
  Assets:Checking:Primary  -2000.00 DKK
  Expenses:Food:Groceries  2000.00 DKK

2021-09-01 * "opsparing" "Anden opsparing" #spiir
  spiir-id: "637674661371506945"
  Assets:Checking:Primary  -5000.00 DKK
  Assets:Savings:Other  5000.00 DKK

2021-09-01 * "Husleje" "Boliglån/husleje" #spiir
  spiir-id: "637674661371506946"
  Assets:Checking:Primary  -5000.00 DKK
  Expenses:House:Mortgage  5000.00 DKK

2021-09-01 * "iCloud Fastefæll.udgifte" "Online services & software" #spiir
  spiir-id: "637674661371506947"
  Assets:Checking:Primary  69.00 DKK
  Expenses:Subscriptions:Software  -69.00 DKK

2021-09-01 * "Rejsekort - DSB" "Bus, tog, færge o.l." #spiir
  spiir-id: "637674661371506948"
  Assets:Checking:Primary  -300.00 DKK
  Expenses:Transport:Public  300.00 DKK

2021-09-01 * "Faste fællesudgifter" "Sundheds- & sygeforsikring" #spiir
  spiir-id: "637674667688268875"
  Assets:Checking:Fixed  500.00 DKK
  Expenses:Insurance:Health  -500.00 DKK

2021-09-01 * "Fast Overførsel - Patric" "Sundheds- & sygeforsikring" #spiir
  spiir-id: "637674667688268876"
  Assets:Checking:Fixed  500.00 DKK
  Expenses:Insurance:Health  -500.00 DKK

2021-09-01 * "iCloud" "Online services & software" #spiir
  spiir-id: "637674667688268877"
  Assets:Checking:Fixed  -69.00 DKK
  Expenses:Subscriptions:Software  69.00 DKK

2021-09-01 * "Amager Isenkram Aps Koebenhavn S" "Ombygning & vedligehold" #spiir
  spiir-id: "637674667931272453"
  Assets:Checking:Dagligvarer  -99.95 DKK
  Expenses:House:Renovation  99.95 DKK

2021-09-01 * "Sarah Lerche Kobenhavn" "" #spiir
  spiir-id: "637674667931272454"
  Assets:Checking:Dagligvarer  -100.00 DKK
  Expenses:Uncategorized  100.00 DKK

2021-09-01 * "Antivægttab" "Dagligvarer" #spiir
  spiir-id: "637674667931272455"
  Assets:Checking:Dagligvarer  2000.00 DKK
  Expenses:Food:Groceries  -2000.00 DKK

2021-09-01 * "Underminer træning.." "Dagligvarer" #spiir
  spiir-id: "637674667931272456"
  Assets:Checking:Dagligvarer  2000.00 DKK
  Expenses:Food:Groceries  -2000.00 DKK

2021-09-02 * "MobilePay Dan Meakin" "Bar, cafe & restaurant" #spiir
  spiir-id: "637674661371506942"
  Assets:Checking:Primary  -200.00 DKK
  Expenses:Food:Restaurant  200.00 DKK

2021-09-02 * "telia.dk" "Telefoni & internet" #spiir
  spiir-id: "637674667688268874"
  Assets:Checking:Fixed  -249.00 DKK
  Expenses:Subscriptions:Telecom  249.00 DKK

2021-09-02 * "Netto Backersvej Koebenhavn S" "Dagligvarer" #spiir
  spiir-id: "637674667931272451"
  Assets:Checking:Dagligvarer  -63.00 DKK
  Expenses:Food:Groceries  63.00 DKK

2021-09-02 * "Netto Backersvej Koebenhavn S" "Dagligvarer" #spiir
  spiir-id: "637674667931272452"
  Assets:Checking:Dagligvarer  -192.95 DKK
  Expenses:Food:Groceries  192.95 DKK

2021-09-03 * "Meny Amager" "Dagligvarer" #spiir
  spiir-id: "637674667931272450"
  Assets:Checking:Dagligvarer  -166.85 DKK
  Expenses:Food:Groceries  166.85 DKK

2021-09-06 * "Parkman" "Parkering" #spiir
  spiir-id: "637674661371506941"
  Assets:Checking:Primary  -24.32 DKK
  Expenses:Car:Parking  24.32 DKK

2021-09-06 * "Parkman" "Parkering" #spiir
  spiir-id: "637674667931272449"
  Assets:Checking:Dagligvarer  -16.00 DKK
  Expenses:Car:Parking  16.00 DKK

2021-09-07 * "Vision Direct Bv Amsterdam" "Briller & kontaktlinser" #spiir
  spiir-id: "637674661371350798"
  Assets:Checking:Primary  -1038.65 DKK
  Expenses:Health:Vision  1038.65 DKK

2021-09-07 * "Sport Scheck Hamburg" "Hobby & sportsudstyr" #spiir
  spiir-id: "637674661371350799"
  Assets:Checking:Primary  -165.69 DKK
  Expenses:Shopping:Sports  165.69 DKK

2021-09-07 * "MOIA GmbH HH 8A7E69P8 Berlin" "Fly & Hotel" #spiir
  spiir-id: "637674661371350800"
  Assets:Checking:Primary  -139.57 DKK
  Expenses:Travel:Transport  139.57 DKK

2021-09-07 * "Espresso House 7158 Kastrup" "Bar, cafe & restaurant" #spiir
  spiir-id: "637674661371506938"
  Assets:Checking:Primary  -154.00 DKK
  Expenses:Food:Restaurant  154.00 DKK

2021-09-07 * "Globetrotter Hamburg C Hamburg" "Hobby & sportsudstyr" #spiir
  spiir-id: "637674661371506939"
  Assets:Checking:Primary  -1032.88 DKK
  Expenses:Shopping:Sports  1032.88 DKK

2021-09-07 * "Wh-Smith T2 Pier B-87 Kastrup" "Ferieaktiviteter" #spiir
  spiir-id: "637674661371506940"
  Assets:Checking:Primary  -12.00 DKK
  Expenses:Travel:Activities  12.00 DKK

2021-09-08 * "Brausturm Bierverlag Hamburg" "" #spiir
  spiir-id: "637674661371350797"
  Assets:Checking:Primary  -200.80 DKK
  Expenses:Uncategorized  200.80 DKK

2021-09-10 * "Edeka Sven Fiedler Kiel" "Dagligvarer" #spiir
  spiir-id: "637674667931272448"
  Assets:Checking:Dagligvarer  -160.79 DKK
  Expenses:Food:Groceries  160.79 DKK

2021-09-13 * "Cafe Hilda Kiel" "Bar, cafe & restaurant" #spiir
  spiir-id: "637674661371350796"
  Assets:Checking:Primary  -39.25 DKK
  Expenses:Food:Restaurant  39.25 DKK

2021-09-13 * "Aldi" "Dagligvarer" #spiir
  spiir-id: "637674667931272446"
  Assets:Checking:Dagligvarer  -95.06 DKK
  Expenses:Food:Groceries  95.06 DKK

2021-09-13 * "Aldi" "Dagligvarer" #spiir
  spiir-id: "637674667931272447"
  Assets:Checking:Dagligvarer  -39.85 DKK
  Expenses:Food:Groceries  39.85 DKK

2021-09-14 * "Overført" "" #spiir
  spiir-id: "637674661371350784"
  Assets:Checking:Primary  215.00 DKK
  Expenses:Uncategorized  -215.00 DKK

2021-09-14 * "Cmxwww.Comixology.Com" "Film, musik & læsestof" #spiir
  spiir-id: "637674661371350785"
  Assets:Checking:Primary  -71.65 DKK
  Expenses:Entertainment:Media  71.65 DKK

2021-09-14 * "Cmxwww.Comixology.Com" "Film, musik & læsestof" #spiir
  spiir-id: "637674661371350786"
  Assets:Checking:Primary  -79.20 DKK
  Expenses:Entertainment:Media  79.20 DKK

2021-09-14 * "Cmxwww.Comixology.Com" "Film, musik & læsestof" #spiir
  spiir-id: "637674661371350787"
  Assets:Checking:Primary  -90.53 DKK
  Expenses:Entertainment:Media  90.53 DKK

2021-09-14 * "Cmxwww.Comixology.Com" "Film, musik & læsestof" #spiir
  spiir-id: "637674661371350788"
  Assets:Checking:Primary  -150.85 DKK
  Expenses:Entertainment:Media  150.85 DKK

2021-09-14 * "Cmxwww.Comixology.Com" "Film, musik & læsestof" #spiir
  spiir-id: "637674661371350789"
  Assets:Checking:Primary  -90.53 DKK
  Expenses:Entertainment:Media  90.53 DKK

2021-09-14 * "MOIA GmbH HH QJ4XP7EQ Berlin" "Fly & Hotel" #spiir
  spiir-id: "637674661371350790"
  Assets:Checking:Primary  -123.44 DKK
  Expenses:Travel:Transport  123.44 DKK

2021-09-14 * "Cmxwww.Comixology.Com" "Film, musik & læsestof" #spiir
  spiir-id: "637674661371350791"
  Assets:Checking:Primary  -154.63 DKK
  Expenses:Entertainment:Media  154.63 DKK

2021-09-14 * "Marche Movenpick Dtl. Gmb Hamburg" "" #spiir
  spiir-id: "637674661371350792"
  Assets:Checking:Primary  -33.97 DKK
  Expenses:Uncategorized  33.97 DKK

2021-09-14 * "Third Room Hamburg" "" #spiir
  spiir-id: "637674661371350793"
  Assets:Checking:Primary  -67.18 DKK
  Expenses:Uncategorized  67.18 DKK

2021-09-14 * "Brausturm Bierverlag Hamburg" "" #spiir
  spiir-id: "637674661371350794"
  Assets:Checking:Primary  -180.11 DKK
  Expenses:Uncategorized  180.11 DKK

2021-09-14 * "Cmxwww.Comixology.Com" "Film, musik & læsestof" #spiir
  spiir-id: "637674661371350795"
  Assets:Checking:Primary  -26.35 DKK
  Expenses:Entertainment:Media  26.35 DKK

2021-09-14 * "Coop Kvickly Stran" "Dagligvarer" #spiir
  spiir-id: "637674667931272443"
  Assets:Checking:Dagligvarer  -165.80 DKK
  Expenses:Food:Groceries  165.80 DKK

2021-09-14 * "Amager Strand Apot" "Apotek & medicin" #spiir
  spiir-id: "637674667931272444"
  Assets:Checking:Dagligvarer  -42.95 DKK
  Expenses:Health:Pharmacy  42.95 DKK

2021-09-14 * "Apple.Com/Bill" "Online services & software" #spiir
  spiir-id: "637674667931272445"
  Assets:Checking:Dagligvarer  -35.00 DKK
  Expenses:Subscriptions:Software  35.00 DKK

2021-09-15 * "Audible*2G6PE0VN1 Amzn.com/bill" "Online services & software" #spiir
  spiir-id: "637674661371350783"
  Assets:Checking:Primary  -110.45 DKK
  Expenses:Subscriptions:Software  110.45 DKK

2021-09-16 * "Netto Backersvej" "Dagligvarer" #spiir
  spiir-id: "637674661371350780"
  Assets:Checking:Primary  -80.00 DKK
  Expenses:Food:Groceries  80.00 DKK

2021-09-16 * "Netto Backersvej" "Dagligvarer" #spiir
  spiir-id: "637674661371350781"
  Assets:Checking:Primary  -133.20 DKK
  Expenses:Food:Groceries  133.20 DKK

2021-09-16 * "Nordisk Film Bio" "Biograf, koncerter & forlystelser" #spiir
  spiir-id: "637674661371350782"
  Assets:Checking:Primary  -290.00 DKK
  Expenses:Entertainment:Events  290.00 DKK

2021-09-16 * "Netto Backersvej" "Dagligvarer" #spiir
  spiir-id: "637674667931116192"
  Assets:Checking:Dagligvarer  -9.95 DKK
  Expenses:Food:Groceries  9.95 DKK

2021-09-16 * "Netto Backersvej" "Dagligvarer" #spiir
  spiir-id: "637674667931272442"
  Assets:Checking:Dagligvarer  -100.85 DKK
  Expenses:Food:Groceries  100.85 DKK

2021-09-17 * "Flåt Vacciner" "Apotek & medicin" #spiir
  spiir-id: "637674661371350778"
  Assets:Checking:Primary  -900.00 DKK
  Expenses:Health:Pharmacy  900.00 DKK

2021-09-17 * "Rejsekort - DSB" "Bus, tog, færge o.l." #spiir
  spiir-id: "637674661371350779"
  Assets:Checking:Primary  -300.00 DKK
  Expenses:Transport:Public  300.00 DKK

2021-09-17 * "Aldi" "Dagligvarer" #spiir
  spiir-id: "637675430413848873"
  Assets:Checking:Dagligvarer  -49.95 DKK
  Expenses:Food:Groceries  49.95 DKK

2021-09-20 * "Lidl" "Dagligvarer" #spiir
  spiir-id: "637677182340334732"
  Assets:Checking:Primary  -111.00 DKK
  Expenses:Food:Groceries  111.00 DKK

2021-09-20 * "Coop Kvickly Stran" "Dagligvarer" #spiir
  spiir-id: "637677182340334733"
  Assets:Checking:Primary  -22.00 DKK
  Expenses:Food:Groceries  22.00 DKK

2021-09-20 * "Coop Kvickly Stran" "Dagligvarer" #spiir
  spiir-id: "637677182340334734"
  Assets:Checking:Primary  -35.45 DKK
  Expenses:Food:Groceries  35.45 DKK

2021-09-20 * "Durum Bar" "Bar, cafe & restaurant" #spiir
  spiir-id: "637677182340334735"
  Assets:Checking:Primary  -94.00 DKK
  Expenses:Food:Restaurant  94.00 DKK

2021-09-20 * "Netto Backersvej" "Dagligvarer" #spiir
  spiir-id: "637677182340334736"
  Assets:Checking:Primary  -26.75 DKK
  Expenses:Food:Groceries  26.75 DKK

2021-09-20 * "Beta Boulders Cope" "Bar, cafe & restaurant" #spiir
  spiir-id: "637677182340334737"
  Assets:Checking:Primary  -30.00 DKK
  Expenses:Food:Restaurant  30.00 DKK

2021-09-20 * "Cub Coffee Bar Kobenhavn K" "Bar, cafe & restaurant" #spiir
  spiir-id: "637677182340334738"
  Assets:Checking:Primary  -74.00 DKK
  Expenses:Food:Restaurant  74.00 DKK

2021-09-20 * "SpotifySE" "Film, musik & læsestof" #spiir
  spiir-id: "637677183167730108"
  Assets:Checking:Fixed  -124.00 DKK
  Expenses:Entertainment:Media  124.00 DKK

2021-09-20 * "Netto Backersvej" "Dagligvarer" #spiir
  spiir-id: "637678036659681210"
  Assets:Checking:Dagligvarer  -71.75 DKK
  Expenses:Food:Groceries  71.75 DKK

2021-09-20 * "Til Familieopsparing" "Anden opsparing" #spiir
  spiir-id: "637679742773760204"
  Assets:Checking:Primary  -699.00 DKK
  Assets:Savings:Other  699.00 DKK

2021-09-20 * "Vietnams Supermark" "Dagligvarer" #spiir
  spiir-id: "637679742773760205"
  Assets:Checking:Primary  -90.00 DKK
  Expenses:Food:Groceries  90.00 DKK

2021-09-20 * "MobilePay Rikkelykke Carolina Wendt" "" #spiir
  spiir-id: "637679742773760206"
  Assets:Checking:Primary  699.00 DKK
  Expenses:Uncategorized  -699.00 DKK

2021-09-20 * "Overskudsdeling" "Anden opsparing" #spiir
  spiir-id: "637679742773760207"
  Assets:Checking:Primary  427.00 DKK
  Assets:Savings:Other  -427.00 DKK

2021-09-21 * "Apple.Com/Bill" "Online services & software" #spiir
  spiir-id: "637678036659681209"
  Assets:Checking:Dagligvarer  -69.00 DKK
  Expenses:Subscriptions:Software  69.00 DKK

2021-09-21 * "FedEx Told" "Bøder & afgifter" #spiir
  spiir-id: "637679742773760197"
  Assets:Checking:Primary  -333.30 DKK
  Expenses:Tax:Fines  333.30 DKK

2021-09-21 * "Warpigs Brewpub Koebenhavn V" "Bar, cafe & restaurant" #spiir
  spiir-id: "637679742773760198"
  Assets:Checking:Primary  -128.00 DKK
  Expenses:Food:Restaurant  128.00 DKK

2021-09-21 * "Peders Kobenhavn K" "Bar, cafe & restaurant" #spiir
  spiir-id: "637679742773760199"
  Assets:Checking:Primary  -128.00 DKK
  Expenses:Food:Restaurant  128.00 DKK

2021-09-21 * "Beta Boulders Copenhagen Vanloes" "Bar, cafe & restaurant" #spiir
  spiir-id: "637679742773760200"
  Assets:Checking:Primary  -40.00 DKK
  Expenses:Food:Restaurant  40.00 DKK

2021-09-21 * "peders Kobenhavn K" "Bar, cafe & restaurant" #spiir
  spiir-id: "637679742773760201"
  Assets:Checking:Primary  -128.00 DKK
  Expenses:Food:Restaurant  128.00 DKK

2021-09-21 * "Cub Coffee Bar Kobenhavn K" "Bar, cafe & restaurant" #spiir
  spiir-id: "637679742773760202"
  Assets:Checking:Primary  -80.00 DKK
  Expenses:Food:Restaurant  80.00 DKK

2021-09-21 * "Durum Bar Norregade Kobenhavn K" "Bar, cafe & restaurant" #spiir
  spiir-id: "637679742773760203"
  Assets:Checking:Primary  -7.00 DKK
  Expenses:Food:Restaurant  7.00 DKK

2021-09-22 * "MobilePay Allan Frese" "Bar, cafe & restaurant" #spiir
  spiir-id: "637679742773760192"
  Assets:Checking:Primary  119.00 DKK
  Expenses:Food:Restaurant  -119.00 DKK

2021-09-22 * "MobilePay Marc Nyholm Bülow" "Bar, cafe & restaurant" #spiir
  spiir-id: "637679742773760193"
  Assets:Checking:Primary  119.00 DKK
  Expenses:Food:Restaurant  -119.00 DKK

2021-09-22 * "MobilePay Christian Probst" "Bar, cafe & restaurant" #spiir
  spiir-id: "637679742773760194"
  Assets:Checking:Primary  119.00 DKK
  Expenses:Food:Restaurant  -119.00 DKK

2021-09-22 * "MobilePay Jørn Schou-Rode" "Bar, cafe & restaurant" #spiir
  spiir-id: "637679742773760195"
  Assets:Checking:Primary  119.00 DKK
  Expenses:Food:Restaurant  -119.00 DKK

2021-09-22 * "Netto Backersvej Koebenhavn S" "Dagligvarer" #spiir
  spiir-id: "637679742773760196"
  Assets:Checking:Primary  -19.90 DKK
  Expenses:Food:Groceries  19.90 DKK

2021-09-22 * "Fakta Metropolen" "Dagligvarer" #spiir
  spiir-id: "637679744017274719"
  Assets:Checking:Dagligvarer  -51.45 DKK
  Expenses:Food:Groceries  51.45 DKK

2021-09-23 * "Netto Backersvej Koebenhavn S" "Dagligvarer" #spiir
  spiir-id: "637679744017274718"
  Assets:Checking:Dagligvarer  -49.25 DKK
  Expenses:Food:Groceries  49.25 DKK

2021-09-23 * "Netto Backersvej" "Dagligvarer" #spiir
  spiir-id: "637680608900423996"
  Assets:Checking:Dagligvarer  -30.00 DKK
  Expenses:Food:Groceries  30.00 DKK

2021-09-23 * "Fakta Nørrevold" "Dagligvarer" #spiir
  spiir-id: "637680608900423997"
  Assets:Checking:Dagligvarer  -30.95 DKK
  Expenses:Food:Groceries  30.95 DKK

2021-09-24 * "Skaal Cph Koebenhavn K" "Bar, cafe & restaurant" #spiir
  spiir-id: "637680608289445472"
  Assets:Checking:Primary  -71.00 DKK
  Expenses:Food:Restaurant  71.00 DKK

2021-09-24 * "Skaal Cph Koebenhavn K" "Bar, cafe & restaurant" #spiir
  spiir-id: "637680608289445473"
  Assets:Checking:Primary  -595.00 DKK
  Expenses:Food:Restaurant  595.00 DKK

2021-09-25 * "MobilePay ZAGGIS" "Bar, cafe & restaurant" #spiir
  spiir-id: "637682332627936458"
  Assets:Checking:Primary  -20.00 DKK
  Expenses:Food:Restaurant  20.00 DKK

2021-09-27 * "Min Købmand" "Dagligvarer" #spiir
  spiir-id: "637683216846736686"
  Assets:Checking:Primary  -238.60 DKK
  Expenses:Food:Groceries  238.60 DKK

2021-09-27 * "Q8 Service" "Brændstof" #spiir
  spiir-id: "637683216846736687"
  Assets:Checking:Primary  -423.60 DKK
  Expenses:Car:Gas  423.60 DKK

2021-09-27 * "Rejsekort - DSB" "Bus, tog, færge o.l." #spiir
  spiir-id: "637683216846736688"
  Assets:Checking:Primary  -300.00 DKK
  Expenses:Transport:Public  300.00 DKK

2021-09-27 * "Infoteria Kongsted" "Fastfood & takeaway" #spiir
  spiir-id: "637683216846736689"
  Assets:Checking:Primary  -26.00 DKK
  Expenses:Food:Takeaway  26.00 DKK

2021-09-27 * "Taxa 4 X" "Taxi" #spiir
  spiir-id: "637683216846892928"
  Assets:Checking:Primary  -169.00 DKK
  Expenses:Transport:Taxi  169.00 DKK

2021-09-27 * "BroBizz - SBF S/F" "Bus, tog, færge o.l." #spiir
  spiir-id: "637683218462891382"
  Assets:Checking:Dagligvarer  -194.00 DKK
  Expenses:Transport:Public  194.00 DKK

2021-09-28 * "Cub Coffee Bar Kobenhavn K" "Bar, cafe & restaurant" #spiir
  spiir-id: "637684070704097506"
  Assets:Checking:Primary  -147.00 DKK
  Expenses:Food:Restaurant  147.00 DKK

2021-09-28 * "Fakta 273 Noerre-Nebel" "Dagligvarer" #spiir
  spiir-id: "637684071768976606"
  Assets:Checking:Dagligvarer  -359.40 DKK
  Expenses:Food:Groceries  359.40 DKK

2021-09-29 * "Sp Dry & Bitter Webs Grlse" "Bar, cafe & restaurant" #spiir
  spiir-id: "637684912344077523"
  Assets:Checking:Primary  -30.00 DKK
  Expenses:Food:Restaurant  30.00 DKK

2021-09-29 * "Min Koebmand - Bjerregaar Hvide S" "Dagligvarer" #spiir
  spiir-id: "637684913464114026"
  Assets:Checking:Dagligvarer  -153.25 DKK
  Expenses:Food:Groceries  153.25 DKK

2021-09-29 * "MobilePay Jens Ernst Nielsen" "" #spiir
  spiir-id: "637685800903064406"
  Assets:Checking:Primary  -30.00 DKK
  Expenses:Uncategorized  30.00 DKK

2021-09-30 * "Kleen Hub Kbenhavn S" "Bar, cafe & restaurant" #spiir
  spiir-id: "637685800903064404"
  Assets:Checking:Primary  -10.00 DKK
  Expenses:Food:Restaurant  10.00 DKK

2021-09-30 * "Lønoverførsel" "Løn" #spiir
  spiir-id: "637685800903064405"
  Assets:Checking:Primary  34691.33 DKK
  Income:Salary  -34691.33 DKK

2021-09-30 * "Interest, total balance" "Udlånsrenter" #spiir
  spiir-id: "637686677673087224"
  Assets:Checking:Primary  -613.77 DKK
  Expenses:Loans:Interest  613.77 DKK

2021-09-30 * "3´s Kortbetaling" "Telefoni & internet" #spiir
  spiir-id: "637686677673087225"
  Assets:Checking:Primary  -200.00 DKK
  Expenses:Subscriptions:Telecom  200.00 DKK

2021-09-30 * "Ejvinds ApS" "Kiosk, bager & specialbutikker" #spiir
  spiir-id: "637686677673087226"
  Assets:Checking:Primary  -64.00 DKK
  Expenses:Food:Kiosk  64.00 DKK

2021-09-30 * "Ejvinds ApS" "Kiosk, bager & specialbutikker" #spiir
  spiir-id: "637686677673087227"
  Assets:Checking:Primary  -35.00 DKK
  Expenses:Food:Kiosk  35.00 DKK

2021-10-01 * "Akademikernes A-Kasse" "Fagforening & a-kasse" #spiir
  spiir-id: "637686677673087218"
  Assets:Checking:Primary  -1401.00 DKK
  Expenses:Insurance:Union  1401.00 DKK

2021-10-01 * "Faste Fællesudgifter" "Sundheds- & sygeforsikring" #spiir
  spiir-id: "637686677673087219"
  Assets:Checking:Primary  -500.00 DKK
  Expenses:Insurance:Health  500.00 DKK

2021-10-01 * "Kærestekonto" "Dagligvarer" #spiir
  spiir-id: "637686677673087220"
  Assets:Checking:Primary  -2000.00 DKK
  Expenses:Food:Groceries  2000.00 DKK

2021-10-01 * "Husleje" "Boliglån/husleje" #spiir
  spiir-id: "637686677673087221"
  Assets:Checking:Primary  -5000.00 DKK
  Expenses:House:Mortgage  5000.00 DKK

2021-10-01 * "opsparing" "Anden opsparing" #spiir
  spiir-id: "637686677673087222"
  Assets:Checking:Primary  -5000.00 DKK
  Assets:Savings:Other  5000.00 DKK

2021-10-01 * "iCloud Fastefæll.udgifte" "Online services & software" #spiir
  spiir-id: "637686677673087223"
  Assets:Checking:Primary  69.00 DKK
  Expenses:Subscriptions:Software  -69.00 DKK

2021-10-01 * "Faste fællesudgifter" "Sundheds- & sygeforsikring" #spiir
  spiir-id: "637686678257903864"
  Assets:Checking:Fixed  500.00 DKK
  Expenses:Insurance:Health  -500.00 DKK

2021-10-01 * "Fast Overførsel - Patric" "Sundheds- & sygeforsikring" #spiir
  spiir-id: "637686678257903865"
  Assets:Checking:Fixed  500.00 DKK
  Expenses:Insurance:Health  -500.00 DKK

2021-10-01 * "iCloud" "Online services & software" #spiir
  spiir-id: "637686678257903866"
  Assets:Checking:Fixed  -69.00 DKK
  Expenses:Subscriptions:Software  69.00 DKK

2021-10-01 * "Fakta 273 Noerre-Nebel" "Dagligvarer" #spiir
  spiir-id: "637686679398777102"
  Assets:Checking:Dagligvarer  -156.90 DKK
  Expenses:Food:Groceries  156.90 DKK

2021-10-01 * "Antivægttab" "Dagligvarer" #spiir
  spiir-id: "637686679516429253"
  Assets:Checking:Dagligvarer  2000.00 DKK
  Expenses:Food:Groceries  -2000.00 DKK

2021-10-01 * "Underminer træning.." "Dagligvarer" #spiir
  spiir-id: "637686679516429254"
  Assets:Checking:Dagligvarer  2000.00 DKK
  Expenses:Food:Groceries  -2000.00 DKK

2021-10-01 * "MobilePay Henry Hansen" "" #spiir
  spiir-id: "637687510703395288"
  Assets:Checking:Primary  -30.00 DKK
  Expenses:Uncategorized  30.00 DKK

2021-10-01 * "Nørre Nebel apotek" "Apotek & medicin" #spiir
  spiir-id: "637687511320097295"
  Assets:Checking:Dagligvarer  -87.50 DKK
  Expenses:Health:Pharmacy  87.50 DKK

2021-10-01 * "SuperB Nr. Nebel" "Dagligvarer" #spiir
  spiir-id: "637687511320097296"
  Assets:Checking:Dagligvarer  -25.00 DKK
  Expenses:Food:Groceries  25.00 DKK

2021-10-01 * "SuperB Nr. Nebel" "Dagligvarer" #spiir
  spiir-id: "637687511320097297"
  Assets:Checking:Dagligvarer  -45.95 DKK
  Expenses:Food:Groceries  45.95 DKK

2021-10-04 * "Circle K Nyborg Ma" "Brændstof" #spiir
  spiir-id: "637689215922952321"
  Assets:Checking:Primary  -25.95 DKK
  Expenses:Car:Gas  25.95 DKK

2021-10-04 * "Storebæltsforbinde" "Bus, tog, færge o.l." #spiir
  spiir-id: "637689215922952322"
  Assets:Checking:Primary  -245.00 DKK
  Expenses:Transport:Public  245.00 DKK

2021-10-04 * "Carls Jr. Nyborg" "Fastfood & takeaway" #spiir
  spiir-id: "637689215922952323"
  Assets:Checking:Primary  -231.00 DKK
  Expenses:Food:Takeaway  231.00 DKK

2021-10-04 * "OK DB Årslev" "Brændstof" #spiir
  spiir-id: "637689215922952324"
  Assets:Checking:Primary  -452.89 DKK
  Expenses:Car:Gas  452.89 DKK

2021-10-04 * "Hotel Ansgar af" "Fly & Hotel" #spiir
  spiir-id: "637689215922952325"
  Assets:Checking:Primary  -658.00 DKK
  Expenses:Travel:Transport  658.00 DKK

2021-10-04 * "Kickstarter.Com Httpswww.Kick" "" #spiir
  spiir-id: "637689215922952326"
  Assets:Checking:Primary  -1361.58 DKK
  Expenses:Uncategorized  1361.58 DKK

2021-10-04 * "REMA 1000 Årslev" "Dagligvarer" #spiir
  spiir-id: "637689216847862532"
  Assets:Checking:Dagligvarer  -73.35 DKK
  Expenses:Food:Groceries  73.35 DKK

2021-10-04 * "Min Købmand" "Dagligvarer" #spiir
  spiir-id: "637689216847862533"
  Assets:Checking:Dagligvarer  -18.40 DKK
  Expenses:Food:Groceries  18.40 DKK

2021-10-04 * "Cafe Slusen I/S Hvide Sande" "Bar, cafe & restaurant" #spiir
  spiir-id: "637689216847862534"
  Assets:Checking:Dagligvarer  -90.00 DKK
  Expenses:Food:Restaurant  90.00 DKK

2021-10-04 * "Cafe Slusen I/S Hvide Sande" "Bar, cafe & restaurant" #spiir
  spiir-id: "637689216847862535"
  Assets:Checking:Dagligvarer  -25.00 DKK
  Expenses:Food:Restaurant  25.00 DKK

2021-10-04 * "Q8 Service" "Brændstof" #spiir
  spiir-id: "637690058653776659"
  Assets:Checking:Primary  -100.12 DKK
  Expenses:Car:Gas  100.12 DKK

2021-10-04 * "Netto Backersvej" "Dagligvarer" #spiir
  spiir-id: "637690060316162188"
  Assets:Checking:Dagligvarer  -73.35 DKK
  Expenses:Food:Groceries  73.35 DKK

2021-10-05 * "Fever* Candlelight Tri Madrid" "Fly & Hotel" #spiir
  spiir-id: "637690058653776658"
  Assets:Checking:Primary  -790.00 DKK
  Expenses:Travel:Transport  790.00 DKK

2021-10-05 * "telia.dk" "Telefoni & internet" #spiir
  spiir-id: "637690059647076263"
  Assets:Checking:Fixed  -249.00 DKK
  Expenses:Subscriptions:Telecom  249.00 DKK

2021-10-05 * "Norrlyst" "Bar, cafe & restaurant" #spiir
  spiir-id: "637690961844817573"
  Assets:Checking:Primary  -400.00 DKK
  Expenses:Food:Restaurant  400.00 DKK

2021-10-05 * "BabySam A/S" "Babyudstyr" #spiir
  spiir-id: "637690962850626782"
  Assets:Checking:Dagligvarer  129.95 DKK
  Expenses:Kids:Baby  -129.95 DKK

2021-10-06 * "Panduro Frederiksberg Frederiksbe" "Hobby & sportsudstyr" #spiir
  spiir-id: "637690962850626780"
  Assets:Checking:Dagligvarer  -42.90 DKK
  Expenses:Shopping:Sports  42.90 DKK

2021-10-06 * "Morsel Aps Frederiksberg" "" #spiir
  spiir-id: "637690962850626781"
  Assets:Checking:Dagligvarer  -80.00 DKK
  Expenses:Uncategorized  80.00 DKK

2021-10-06 * "E Købmand" "Dagligvarer" #spiir
  spiir-id: "637691845703603413"
  Assets:Checking:Primary  -80.00 DKK
  Expenses:Food:Groceries  80.00 DKK

2021-10-06 * "Rema 1000 Amager" "Dagligvarer" #spiir
  spiir-id: "637691847183634869"
  Assets:Checking:Dagligvarer  -152.89 DKK
  Expenses:Food:Groceries  152.89 DKK

2021-10-07 * "Coop Kvickly Strandlodsve Koebenh" "Dagligvarer" #spiir
  spiir-id: "637691847183634867"
  Assets:Checking:Dagligvarer  -58.00 DKK
  Expenses:Food:Groceries  58.00 DKK

2021-10-07 * "Broders ApS" "Kiosk, bager & specialbutikker" #spiir
  spiir-id: "637691847183634868"
  Assets:Checking:Dagligvarer  -30.00 DKK
  Expenses:Food:Kiosk  30.00 DKK

2021-10-07 * "Netto Backersvej" "Dagligvarer" #spiir
  spiir-id: "637692687146001447"
  Assets:Checking:Dagligvarer  -129.45 DKK
  Expenses:Food:Groceries  129.45 DKK

2021-10-08 * "Lia Copenhagen Koebenhavn S" "" #spiir
  spiir-id: "637692687146001446"
  Assets:Checking:Dagligvarer  -35.00 DKK
  Expenses:Uncategorized  35.00 DKK

2021-10-10 * "MobilePay: Coop App" "Dagligvarer" #spiir
  spiir-id: "637695326385347048"
  Assets:Checking:Primary  -229.70 DKK
  Expenses:Food:Groceries  229.70 DKK

2021-10-11 * "Kajakhotellet" "Hobby & sportsudstyr" #spiir
  spiir-id: "637695326385347045"
  Assets:Checking:Primary  -220.15 DKK
  Expenses:Shopping:Sports  220.15 DKK

2021-10-11 * "Kafferiet ApS" "Bar, cafe & restaurant" #spiir
  spiir-id: "637695326385347046"
  Assets:Checking:Primary  -42.00 DKK
  Expenses:Food:Restaurant  42.00 DKK

2021-10-11 * "Friluftsland A/S" "Tøj, sko & accessories" #spiir
  spiir-id: "637695326385347047"
  Assets:Checking:Primary  -999.00 DKK
  Expenses:Shopping:Clothing  999.00 DKK

2021-10-11 * "Netto Backersvej" "Dagligvarer" #spiir
  spiir-id: "637695327589134295"
  Assets:Checking:Dagligvarer  -68.95 DKK
  Expenses:Food:Groceries  68.95 DKK

2021-10-11 * "Netto Backersvej" "Dagligvarer" #spiir
  spiir-id: "637695327589134296"
  Assets:Checking:Dagligvarer  -79.00 DKK
  Expenses:Food:Groceries  79.00 DKK

2021-10-11 * "Fakta Strandlodsve" "Dagligvarer" #spiir
  spiir-id: "637695327589134297"
  Assets:Checking:Dagligvarer  -23.00 DKK
  Expenses:Food:Groceries  23.00 DKK

2021-10-11 * "Lidl" "Dagligvarer" #spiir
  spiir-id: "637695327589134298"
  Assets:Checking:Dagligvarer  -124.40 DKK
  Expenses:Food:Groceries  124.40 DKK

2021-10-11 * "Netto Backersvej" "Dagligvarer" #spiir
  spiir-id: "637695327589134299"
  Assets:Checking:Dagligvarer  -17.45 DKK
  Expenses:Food:Groceries  17.45 DKK

2021-10-11 * "føtex food Kr. Ber" "Dagligvarer" #spiir
  spiir-id: "637696182723696028"
  Assets:Checking:Primary  -29.85 DKK
  Expenses:Food:Groceries  29.85 DKK

2021-10-11 * "tipster.dk 40-41" "Bar, cafe & restaurant" #spiir
  spiir-id: "637696182723696029"
  Assets:Checking:Primary  -50.00 DKK
  Expenses:Food:Restaurant  50.00 DKK

2021-10-12 * "Radical Roots Aps Kobenhavn O" "" #spiir
  spiir-id: "637696182723696025"
  Assets:Checking:Primary  -65.00 DKK
  Expenses:Uncategorized  65.00 DKK

2021-10-12 * "Dough Girls Do Kobenhavn K" "Kiosk, bager & specialbutikker" #spiir
  spiir-id: "637696182723696026"
  Assets:Checking:Primary  -49.00 DKK
  Expenses:Food:Kiosk  49.00 DKK

2021-10-12 * "BonusTryghedsGruppen" "Indbo- & familieforsikring" #spiir
  spiir-id: "637696182723696027"
  Assets:Checking:Primary  236.03 DKK
  Expenses:House:Contents-Insurance  -236.03 DKK

2021-10-12 * "Apple.Com/Bill" "Online services & software" #spiir
  spiir-id: "637696184180319532"
  Assets:Checking:Dagligvarer  -35.00 DKK
  Expenses:Subscriptions:Software  35.00 DKK

2021-10-12 * "Vietnams Supermarked V/Th Koebenh" "Dagligvarer" #spiir
  spiir-id: "637696184180319533"
  Assets:Checking:Dagligvarer  -151.00 DKK
  Expenses:Food:Groceries  151.00 DKK

2021-10-12 * "Panini v/Mohsen Zaran Odense" "" #spiir
  spiir-id: "637696184180319534"
  Assets:Checking:Dagligvarer  -34.00 DKK
  Expenses:Uncategorized  34.00 DKK

2021-10-12 * "Herlev Apotek Herlev" "Apotek & medicin" #spiir
  spiir-id: "637696184180319535"
  Assets:Checking:Dagligvarer  -127.20 DKK
  Expenses:Health:Pharmacy  127.20 DKK

2021-10-12 * "Foetex Herlev Herlev" "Dagligvarer" #spiir
  spiir-id: "637696184180319536"
  Assets:Checking:Dagligvarer  -47.95 DKK
  Expenses:Food:Groceries  47.95 DKK

2021-10-12 * "Netto Backersvej" "Dagligvarer" #spiir
  spiir-id: "637697006055594645"
  Assets:Checking:Dagligvarer  -36.00 DKK
  Expenses:Food:Groceries  36.00 DKK

2021-10-13 * "Rejsekort - DSB" "Bus, tog, færge o.l." #spiir
  spiir-id: "637697005147480464"
  Assets:Checking:Primary  -300.00 DKK
  Expenses:Transport:Public  300.00 DKK

2021-10-14 * "CPH Bike Shop" "Værksted & reservedele" #spiir
  spiir-id: "637697887194790365"
  Assets:Checking:Primary  -400.00 DKK
  Expenses:Car:Service  400.00 DKK

2021-10-14 * "tipster.dk 69-62" "Bar, cafe & restaurant" #spiir
  spiir-id: "637698726870452046"
  Assets:Checking:Primary  -50.00 DKK
  Expenses:Food:Restaurant  50.00 DKK

2021-10-15 * "Audible*276UA5UQ1 Amzn.com/bill" "Online services & software" #spiir
  spiir-id: "637698726870452045"
  Assets:Checking:Primary  -113.23 DKK
  Expenses:Subscriptions:Software  113.23 DKK

2021-10-15 * "Oesterbro Teater Koebenhavn Oe" "Biograf, koncerter & forlystelser" #spiir
  spiir-id: "637698728132852941"
  Assets:Checking:Dagligvarer  -155.00 DKK
  Expenses:Entertainment:Events  155.00 DKK

2021-10-18 * "Yellow Bird Coffee" "Bar, cafe & restaurant" #spiir
  spiir-id: "637701344848624672"
  Assets:Checking:Primary  -78.00 DKK
  Expenses:Food:Restaurant  78.00 DKK

2021-10-18 * "Vueling Airlw98p4l Vueling.Com" "Fly & Hotel" #spiir
  spiir-id: "637701344848624673"
  Assets:Checking:Primary  -1589.66 DKK
  Expenses:Travel:Transport  1589.66 DKK

2021-10-18 * "Vueling Airlrlubne Vueling.Com" "Fly & Hotel" #spiir
  spiir-id: "637701344848624674"
  Assets:Checking:Primary  -1042.92 DKK
  Expenses:Travel:Transport  1042.92 DKK

2021-10-18 * "Coop Kvickly Stran" "Dagligvarer" #spiir
  spiir-id: "637701346711943031"
  Assets:Checking:Dagligvarer  -162.23 DKK
  Expenses:Food:Groceries  162.23 DKK

2021-10-18 * "Fakta Strandlodsve" "Dagligvarer" #spiir
  spiir-id: "637701346711943032"
  Assets:Checking:Dagligvarer  -54.70 DKK
  Expenses:Food:Groceries  54.70 DKK

2021-10-18 * "Netto Backersvej Koebenhavn S" "Dagligvarer" #spiir
  spiir-id: "637701346711943033"
  Assets:Checking:Dagligvarer  -223.75 DKK
  Expenses:Food:Groceries  223.75 DKK

2021-10-18 * "MobilePay Cindy Jerløv-Eriksen" "" #spiir
  spiir-id: "637702170292996094"
  Assets:Checking:Primary  -600.00 DKK
  Expenses:Uncategorized  600.00 DKK

2021-10-18 * "føtex food Kr. Ber" "Dagligvarer" #spiir
  spiir-id: "637702170292996095"
  Assets:Checking:Primary  -29.85 DKK
  Expenses:Food:Groceries  29.85 DKK

2021-10-18 * "Netto Backersvej" "Dagligvarer" #spiir
  spiir-id: "637702171599921710"
  Assets:Checking:Dagligvarer  -49.40 DKK
  Expenses:Food:Groceries  49.40 DKK

2021-10-19 * "Beta Boulders Copenhag K benhavn" "Bar, cafe & restaurant" #spiir
  spiir-id: "637702170292996089"
  Assets:Checking:Primary  -40.00 DKK
  Expenses:Food:Restaurant  40.00 DKK

2021-10-19 * "Skaal Cph Koebenhavn K" "Tobak & alkohol" #spiir
  spiir-id: "637702170292996090"
  Assets:Checking:Primary  -49.00 DKK
  Expenses:Food:Alcohol  49.00 DKK

2021-10-19 * "Skaal Cph Koebenhavn K" "Tobak & alkohol" #spiir
  spiir-id: "637702170292996091"
  Assets:Checking:Primary  -74.00 DKK
  Expenses:Food:Alcohol  74.00 DKK

2021-10-19 * "Skaal Cph Koebenhavn K" "Tobak & alkohol" #spiir
  spiir-id: "637702170292996092"
  Assets:Checking:Primary  -47.00 DKK
  Expenses:Food:Alcohol  47.00 DKK

2021-10-19 * "Skaal Cph Koebenhavn K" "Tobak & alkohol" #spiir
  spiir-id: "637702170292996093"
  Assets:Checking:Primary  -74.00 DKK
  Expenses:Food:Alcohol  74.00 DKK

2021-10-19 * "Spotify" "Film, musik & læsestof" #spiir
  spiir-id: "637702171162404989"
  Assets:Checking:Fixed  -124.00 DKK
  Expenses:Entertainment:Media  124.00 DKK

2021-10-19 * "Apple.Com/Bill" "Online services & software" #spiir
  spiir-id: "637702171599783045"
  Assets:Checking:Dagligvarer  -69.00 DKK
  Expenses:Subscriptions:Software  69.00 DKK

2021-10-19 * "Beta Boulders Copenhag K benhavn" "Sport & fritid" #spiir
  spiir-id: "637702171599783046"
  Assets:Checking:Dagligvarer  -390.00 DKK
  Expenses:Entertainment:Sports  390.00 DKK

2021-10-19 * "Aldi Oest 064 Koebenhavn S" "Dagligvarer" #spiir
  spiir-id: "637702171599783047"
  Assets:Checking:Dagligvarer  -97.80 DKK
  Expenses:Food:Groceries  97.80 DKK

2021-10-19 * "Skaal Cph Koebenhavn K" "Bar, cafe & restaurant" #spiir
  spiir-id: "637702171599783048"
  Assets:Checking:Dagligvarer  -147.00 DKK
  Expenses:Food:Restaurant  147.00 DKK

2021-10-19 * "Cub Coffee Bar Kobenhavn K" "Bar, cafe & restaurant" #spiir
  spiir-id: "637702171599921708"
  Assets:Checking:Dagligvarer  -110.00 DKK
  Expenses:Food:Restaurant  110.00 DKK

2021-10-19 * "Lidl Koebenhavn s" "Dagligvarer" #spiir
  spiir-id: "637702171599921709"
  Assets:Checking:Dagligvarer  -111.90 DKK
  Expenses:Food:Groceries  111.90 DKK

2021-10-19 * "Netto Backersvej" "Dagligvarer" #spiir
  spiir-id: "637703055721298564"
  Assets:Checking:Dagligvarer  -46.45 DKK
  Expenses:Food:Groceries  46.45 DKK

2021-10-20 * "Doep - Den Oekologiske Po Koebenh" "" #spiir
  spiir-id: "637703054475444432"
  Assets:Checking:Primary  -42.00 DKK
  Expenses:Uncategorized  42.00 DKK

2021-10-20 * "bikester.dk Stuttgart" "Hobby & sportsudstyr" #spiir
  spiir-id: "637703054475444433"
  Assets:Checking:Primary  -248.00 DKK
  Expenses:Shopping:Sports  248.00 DKK

2021-10-20 * "Aldi Oest 064 Koebenhavn S" "Dagligvarer" #spiir
  spiir-id: "637703055721298563"
  Assets:Checking:Dagligvarer  -72.40 DKK
  Expenses:Food:Groceries  72.40 DKK

2021-10-21 * "Durum Bar" "Bar, cafe & restaurant" #spiir
  spiir-id: "637704795106122665"
  Assets:Checking:Primary  -86.00 DKK
  Expenses:Food:Restaurant  86.00 DKK

2021-10-21 * "Durum Bar" "Bar, cafe & restaurant" #spiir
  spiir-id: "637704795106301001"
  Assets:Checking:Primary  -14.00 DKK
  Expenses:Food:Restaurant  14.00 DKK

2021-10-21 * "Rejsekort - DSB" "Bus, tog, færge o.l." #spiir
  spiir-id: "637704795106301002"
  Assets:Checking:Primary  -300.00 DKK
  Expenses:Transport:Public  300.00 DKK

2021-10-22 * "Vueling Airlw98p4l Vueling.Com" "Fly & Hotel" #spiir
  spiir-id: "637704795106122663"
  Assets:Checking:Primary  835.81 DKK
  Expenses:Travel:Transport  -835.81 DKK

2021-10-22 * "Vueling Airlrlubne Vueling.Com" "Fly & Hotel" #spiir
  spiir-id: "637704795106122664"
  Assets:Checking:Primary  562.44 DKK
  Expenses:Travel:Transport  -562.44 DKK

2021-10-22 * "Beta Boulders Copenhagen Vanloes" "Bar, cafe & restaurant" #spiir
  spiir-id: "637704795874908470"
  Assets:Checking:Dagligvarer  -35.00 DKK
  Expenses:Food:Restaurant  35.00 DKK

2021-10-22 * "Netto Backersvej Koebenhavn S" "Dagligvarer" #spiir
  spiir-id: "637704795874908471"
  Assets:Checking:Dagligvarer  -24.00 DKK
  Expenses:Food:Groceries  24.00 DKK

2021-10-22 * "Skattestyrelsen" "Ejerafgift/grøn afgift" #spiir
  spiir-id: "637705677022794560"
  Assets:Checking:Primary  -340.00 DKK
  Expenses:Car:Tax  340.00 DKK

2021-10-22 * "Netto Backersvej" "Dagligvarer" #spiir
  spiir-id: "637705678010854861"
  Assets:Checking:Dagligvarer  -79.50 DKK
  Expenses:Food:Groceries  79.50 DKK

2021-10-25 * "Brus Aps Kobenhavn N" "Bar, cafe & restaurant" #spiir
  spiir-id: "637707420010600517"
  Assets:Checking:Primary  -1445.00 DKK
  Expenses:Food:Restaurant  1445.00 DKK

2021-10-25 * "Dsb Netbutik" "Bus, tog, færge o.l." #spiir
  spiir-id: "637707420010600518"
  Assets:Checking:Primary  -365.00 DKK
  Expenses:Transport:Public  365.00 DKK

2021-10-25 * "Halalslagter" "Dagligvarer" #spiir
  spiir-id: "637707421137678618"
  Assets:Checking:Dagligvarer  -110.00 DKK
  Expenses:Food:Groceries  110.00 DKK

2021-10-25 * "Netto Backersvej" "Dagligvarer" #spiir
  spiir-id: "637707421137678619"
  Assets:Checking:Dagligvarer  -87.45 DKK
  Expenses:Food:Groceries  87.45 DKK

2021-10-25 * "Kvickly Sundby" "Dagligvarer" #spiir
  spiir-id: "637707421137678620"
  Assets:Checking:Dagligvarer  -289.20 DKK
  Expenses:Food:Groceries  289.20 DKK

2021-10-25 * "Klodshans Aps Kobenhavn S" "" #spiir
  spiir-id: "637707421137678621"
  Assets:Checking:Dagligvarer  -20.00 DKK
  Expenses:Uncategorized  20.00 DKK

2021-10-25 * "Fakta 335 Koebenhavn S" "Dagligvarer" #spiir
  spiir-id: "637707421137678622"
  Assets:Checking:Dagligvarer  -25.00 DKK
  Expenses:Food:Groceries  25.00 DKK

2021-10-25 * "Fakta 335 Koebenhavn S" "Dagligvarer" #spiir
  spiir-id: "637707421137678623"
  Assets:Checking:Dagligvarer  -20.95 DKK
  Expenses:Food:Groceries  20.95 DKK

2021-10-25 * "Rema 1000 Kbh., Oeresunds Koebenh" "Dagligvarer" #spiir
  spiir-id: "637707421137678624"
  Assets:Checking:Dagligvarer  -5.00 DKK
  Expenses:Food:Groceries  5.00 DKK

2021-10-25 * "Halalslagter I/S Koebenhavn S" "Dagligvarer" #spiir
  spiir-id: "637707421137834453"
  Assets:Checking:Dagligvarer  -107.00 DKK
  Expenses:Food:Groceries  107.00 DKK

2021-10-25 * "tipster.dk 64-82" "Bar, cafe & restaurant" #spiir
  spiir-id: "637708264997674730"
  Assets:Checking:Primary  -125.00 DKK
  Expenses:Food:Restaurant  125.00 DKK

2021-10-26 * "Holms Bager Kobenhavn K" "Kiosk, bager & specialbutikker" #spiir
  spiir-id: "637708264997674726"
  Assets:Checking:Primary  -20.00 DKK
  Expenses:Food:Kiosk  20.00 DKK

2021-10-26 * "Kickstarter.Com Lynbrook" "" #spiir
  spiir-id: "637708264997674727"
  Assets:Checking:Primary  -358.33 DKK
  Expenses:Uncategorized  358.33 DKK

2021-10-26 * "EasyPark A/S easypark.dk" "Parkering" #spiir
  spiir-id: "637708264997674728"
  Assets:Checking:Primary  -48.68 DKK
  Expenses:Car:Parking  48.68 DKK

2021-10-26 * "Jagger Fast Food K" "Fastfood & takeaway" #spiir
  spiir-id: "637708264997674729"
  Assets:Checking:Primary  -140.00 DKK
  Expenses:Food:Takeaway  140.00 DKK

2021-10-26 * "Lidl Koebenhavn s" "Dagligvarer" #spiir
  spiir-id: "637708266288679547"
  Assets:Checking:Dagligvarer  -112.81 DKK
  Expenses:Food:Groceries  112.81 DKK

2021-10-26 * "Rema 1000 Hvidovre Hvidovre" "Dagligvarer" #spiir
  spiir-id: "637708266288679548"
  Assets:Checking:Dagligvarer  -18.50 DKK
  Expenses:Food:Groceries  18.50 DKK

2021-10-26 * "Cafe Jorden Rundt Charlottenlun" "Bar, cafe & restaurant" #spiir
  spiir-id: "637708266288679549"
  Assets:Checking:Dagligvarer  -74.00 DKK
  Expenses:Food:Restaurant  74.00 DKK

2021-10-26 * "føtex food Kr. Ber" "Dagligvarer" #spiir
  spiir-id: "637709136624369883"
  Assets:Checking:Primary  -89.75 DKK
  Expenses:Food:Groceries  89.75 DKK

2021-10-26 * "ALDI Øst" "Dagligvarer" #spiir
  spiir-id: "637709138182242964"
  Assets:Checking:Dagligvarer  -97.35 DKK
  Expenses:Food:Groceries  97.35 DKK

2021-10-28 * "Hotel at Booking.com Amsterdam" "Fly & Hotel" #spiir
  spiir-id: "637709982541323864"
  Assets:Checking:Primary  -483.53 DKK
  Expenses:Travel:Transport  483.53 DKK

2021-10-28 * "Koskina Om.& Co Lp Kerkyra" "" #spiir
  spiir-id: "637709983459467758"
  Assets:Checking:Dagligvarer  -55.13 DKK
  Expenses:Uncategorized  55.13 DKK

2021-10-29 * "peders Kobenhavn K" "Tobak & alkohol" #spiir
  spiir-id: "637710836207093438"
  Assets:Checking:Primary  -69.00 DKK
  Expenses:Food:Alcohol  69.00 DKK

2021-10-29 * "peders Kobenhavn K" "Tobak & alkohol" #spiir
  spiir-id: "637710836207093439"
  Assets:Checking:Primary  -65.00 DKK
  Expenses:Food:Alcohol  65.00 DKK

2021-10-29 * "Peders Kobenhavn K" "Tobak & alkohol" #spiir
  spiir-id: "637710836207093440"
  Assets:Checking:Primary  -173.00 DKK
  Expenses:Food:Alcohol  173.00 DKK

2021-10-29 * "Peders Kobenhavn K" "Tobak & alkohol" #spiir
  spiir-id: "637710836207093441"
  Assets:Checking:Primary  -118.00 DKK
  Expenses:Food:Alcohol  118.00 DKK

2021-10-29 * "Lønoverførsel" "Løn" #spiir
  spiir-id: "637710836207093442"
  Assets:Checking:Primary  34691.33 DKK
  Income:Salary  -34691.33 DKK

2021-10-29 * "3´s Kortbetaling" "Telefoni & internet" #spiir
  spiir-id: "637711693917611511"
  Assets:Checking:Primary  -267.26 DKK
  Expenses:Subscriptions:Telecom  267.26 DKK

2021-10-29 * "Irma Fr.Borggade" "Dagligvarer" #spiir
  spiir-id: "637711693917611512"
  Assets:Checking:Primary  -76.10 DKK
  Expenses:Food:Groceries  76.10 DKK

2021-10-31 * "MobilePay Ole Storjohann" "Biograf, koncerter & forlystelser" #spiir
  spiir-id: "637720472447062668"
  Assets:Checking:Primary  -250.00 DKK
  Expenses:Entertainment:Events  250.00 DKK

2021-10-31 * "MobilePay Stefano Pretto" "Bar, cafe & restaurant" #spiir
  spiir-id: "637720472447062669"
  Assets:Checking:Primary  -99.00 DKK
  Expenses:Food:Restaurant  99.00 DKK

2021-11-01 * "Eventyrsport A/S" "Tøj, sko & accessories" #spiir
  spiir-id: "637720472447062662"
  Assets:Checking:Primary  -4328.00 DKK
  Expenses:Shopping:Clothing  4328.00 DKK

2021-11-01 * "Faste Fællesudgifter" "Sundheds- & sygeforsikring" #spiir
  spiir-id: "637720472447062663"
  Assets:Checking:Primary  -500.00 DKK
  Expenses:Insurance:Health  500.00 DKK

2021-11-01 * "Kærestekonto" "Dagligvarer" #spiir
  spiir-id: "637720472447062664"
  Assets:Checking:Primary  -2000.00 DKK
  Expenses:Food:Groceries  2000.00 DKK

2021-11-01 * "Husleje" "Boliglån/husleje" #spiir
  spiir-id: "637720472447062665"
  Assets:Checking:Primary  -5000.00 DKK
  Expenses:House:Mortgage  5000.00 DKK

2021-11-01 * "iCloud Fastefæll.udgifte" "Online services & software" #spiir
  spiir-id: "637720472447062666"
  Assets:Checking:Primary  69.00 DKK
  Expenses:Subscriptions:Software  -69.00 DKK

2021-11-01 * "BabySam Frederiksb" "Babyudstyr" #spiir
  spiir-id: "637720472447062667"
  Assets:Checking:Primary  -159.95 DKK
  Expenses:Kids:Baby  159.95 DKK

2021-11-01 * "Faste fællesudgifter" "Sundheds- & sygeforsikring" #spiir
  spiir-id: "637720473351611740"
  Assets:Checking:Fixed  500.00 DKK
  Expenses:Insurance:Health  -500.00 DKK

2021-11-01 * "Fast Overførsel - Patric" "Sundheds- & sygeforsikring" #spiir
  spiir-id: "637720473351611741"
  Assets:Checking:Fixed  500.00 DKK
  Expenses:Insurance:Health  -500.00 DKK

2021-11-01 * "iCloud" "Online services & software" #spiir
  spiir-id: "637720473351611742"
  Assets:Checking:Fixed  -69.00 DKK
  Expenses:Subscriptions:Software  69.00 DKK

2021-11-01 * "Tryg" "Indbo- & familieforsikring" #spiir
  spiir-id: "637720473351611743"
  Assets:Checking:Fixed  -59.04 DKK
  Expenses:House:Contents-Insurance  59.04 DKK

2021-11-01 * "Tryg" "Indbo- & familieforsikring" #spiir
  spiir-id: "637720473351611744"
  Assets:Checking:Fixed  -741.93 DKK
  Expenses:House:Contents-Insurance  741.93 DKK

2021-11-01 * "Tryg" "Indbo- & familieforsikring" #spiir
  spiir-id: "637720473351611745"
  Assets:Checking:Fixed  -529.15 DKK
  Expenses:House:Contents-Insurance  529.15 DKK

2021-11-01 * "Coop Kvickly Stran" "Dagligvarer" #spiir
  spiir-id: "637720473843975214"
  Assets:Checking:Dagligvarer  -103.45 DKK
  Expenses:Food:Groceries  103.45 DKK

2021-11-01 * "Antivægttab" "Dagligvarer" #spiir
  spiir-id: "637720473843975215"
  Assets:Checking:Dagligvarer  2000.00 DKK
  Expenses:Food:Groceries  -2000.00 DKK

2021-11-01 * "Underminer træning.." "Dagligvarer" #spiir
  spiir-id: "637720473843975216"
  Assets:Checking:Dagligvarer  2000.00 DKK
  Expenses:Food:Groceries  -2000.00 DKK

2021-11-01 * "Netto Backersvej" "Dagligvarer" #spiir
  spiir-id: "637720473843975217"
  Assets:Checking:Dagligvarer  -128.35 DKK
  Expenses:Food:Groceries  128.35 DKK

2021-11-01 * "Magasin, Kgs Nytor" "Tøj, sko & accessories" #spiir
  spiir-id: "637720473843975218"
  Assets:Checking:Dagligvarer  -125.93 DKK
  Expenses:Shopping:Clothing  125.93 DKK

2021-11-01 * "Illum" "Tøj, sko & accessories" #spiir
  spiir-id: "637720473843975219"
  Assets:Checking:Dagligvarer  -160.00 DKK
  Expenses:Shopping:Clothing  160.00 DKK

2021-11-02 * "Cub Coffee Bar Kobenhavn K" "Bar, cafe & restaurant" #spiir
  spiir-id: "637720472447062659"
  Assets:Checking:Primary  -200.00 DKK
  Expenses:Food:Restaurant  200.00 DKK

2021-11-02 * "Kickstarter.Com Tielt" "" #spiir
  spiir-id: "637720472447062660"
  Assets:Checking:Primary  -521.58 DKK
  Expenses:Uncategorized  521.58 DKK

2021-11-02 * "Dough Girls Do Kobenhavn K" "Kiosk, bager & specialbutikker" #spiir
  spiir-id: "637720472447062661"
  Assets:Checking:Primary  -541.80 DKK
  Expenses:Food:Kiosk  541.80 DKK

2021-11-02 * "telia.dk" "Telefoni & internet" #spiir
  spiir-id: "637720473351611739"
  Assets:Checking:Fixed  -249.00 DKK
  Expenses:Subscriptions:Telecom  249.00 DKK

2021-11-02 * "Netto Nørrevold" "Dagligvarer" #spiir
  spiir-id: "637720473843818990"
  Assets:Checking:Dagligvarer  -99.95 DKK
  Expenses:Food:Groceries  99.95 DKK

2021-11-02 * "Lagkagehuset Kongens Koebenh" "Kiosk, bager & specialbutikker" #spiir
  spiir-id: "637720473843975210"
  Assets:Checking:Dagligvarer  -39.00 DKK
  Expenses:Food:Kiosk  39.00 DKK

2021-11-02 * "Coop Kvickly Strandlodsve Koebenh" "Dagligvarer" #spiir
  spiir-id: "637720473843975211"
  Assets:Checking:Dagligvarer  -24.00 DKK
  Expenses:Food:Groceries  24.00 DKK

2021-11-02 * "Oresunds Slik Kobenhavn S" "Kiosk, bager & specialbutikker" #spiir
  spiir-id: "637720473843975212"
  Assets:Checking:Dagligvarer  -20.00 DKK
  Expenses:Food:Kiosk  20.00 DKK

2021-11-02 * "Netto Backersvej Koebenhavn S" "Dagligvarer" #spiir
  spiir-id: "637720473843975213"
  Assets:Checking:Dagligvarer  -55.00 DKK
  Expenses:Food:Groceries  55.00 DKK

2021-11-03 * "Spejder Sport A/S" "Hobby & sportsudstyr" #spiir
  spiir-id: "637720472447062655"
  Assets:Checking:Primary  -700.00 DKK
  Expenses:Shopping:Sports  700.00 DKK

2021-11-03 * "The Coffee Collect" "Bar, cafe & restaurant" #spiir
  spiir-id: "637720472447062656"
  Assets:Checking:Primary  -40.00 DKK
  Expenses:Food:Restaurant  40.00 DKK

2021-11-03 * "Parkman" "Parkering" #spiir
  spiir-id: "637720472447062657"
  Assets:Checking:Primary  -51.02 DKK
  Expenses:Car:Parking  51.02 DKK

2021-11-03 * "Rejsekort - DSB" "Bus, tog, færge o.l." #spiir
  spiir-id: "637720472447062658"
  Assets:Checking:Primary  -300.00 DKK
  Expenses:Transport:Public  300.00 DKK

2021-11-03 * "Restaurant China v" "Bar, cafe & restaurant" #spiir
  spiir-id: "637720473843818989"
  Assets:Checking:Dagligvarer  -60.00 DKK
  Expenses:Food:Restaurant  60.00 DKK

2021-11-04 * "Irma Nørre Voldg" "Dagligvarer" #spiir
  spiir-id: "637720473843818987"
  Assets:Checking:Dagligvarer  -151.90 DKK
  Expenses:Food:Groceries  151.90 DKK

2021-11-04 * "Lauras Bakery Torv" "Kiosk, bager & specialbutikker" #spiir
  spiir-id: "637720473843818988"
  Assets:Checking:Dagligvarer  -25.00 DKK
  Expenses:Food:Kiosk  25.00 DKK

2021-11-05 * "tipster.dk 645-5" "Bar, cafe & restaurant" #spiir
  spiir-id: "637720472447062652"
  Assets:Checking:Primary  -200.00 DKK
  Expenses:Food:Restaurant  200.00 DKK

2021-11-05 * "Ida Ingeniørfore. i Danm" "Fagforening & a-kasse" #spiir
  spiir-id: "637720472447062653"
  Assets:Checking:Primary  -878.25 DKK
  Expenses:Insurance:Union  878.25 DKK

2021-11-05 * "Eventyrsport" "Tøj, sko & accessories" #spiir
  spiir-id: "637720472447062654"
  Assets:Checking:Primary  4328.00 DKK
  Expenses:Shopping:Clothing  -4328.00 DKK

2021-11-05 * "Ida Tandforsikring" "Sundheds- & sygeforsikring" #spiir
  spiir-id: "637720473351611737"
  Assets:Checking:Fixed  -620.00 DKK
  Expenses:Insurance:Health  620.00 DKK

2021-11-05 * "Ida Tandforsikring" "Sundheds- & sygeforsikring" #spiir
  spiir-id: "637720473351611738"
  Assets:Checking:Fixed  -620.00 DKK
  Expenses:Insurance:Health  620.00 DKK

2021-11-05 * "Coop Kvickly Stran" "Dagligvarer" #spiir
  spiir-id: "637720473843818983"
  Assets:Checking:Dagligvarer  -54.00 DKK
  Expenses:Food:Groceries  54.00 DKK

2021-11-05 * "Hind Marked Koebenhavn N" "" #spiir
  spiir-id: "637720473843818984"
  Assets:Checking:Dagligvarer  -8.00 DKK
  Expenses:Uncategorized  8.00 DKK

2021-11-05 * "Brus Aps Kobenhavn N" "Bar, cafe & restaurant" #spiir
  spiir-id: "637720473843818985"
  Assets:Checking:Dagligvarer  -100.00 DKK
  Expenses:Food:Restaurant  100.00 DKK

2021-11-05 * "Empire Bio A/S Koebenhavn N" "Biograf, koncerter & forlystelser" #spiir
  spiir-id: "637720473843818986"
  Assets:Checking:Dagligvarer  -100.00 DKK
  Expenses:Entertainment:Events  100.00 DKK

2021-11-08 * "Amager Strand Apot" "Apotek & medicin" #spiir
  spiir-id: "637720472447062651"
  Assets:Checking:Primary  -75.65 DKK
  Expenses:Health:Pharmacy  75.65 DKK

2021-11-08 * "Lidl" "Dagligvarer" #spiir
  spiir-id: "637720473843818981"
  Assets:Checking:Dagligvarer  -52.95 DKK
  Expenses:Food:Groceries  52.95 DKK

2021-11-08 * "Coop Kvickly Stran" "Dagligvarer" #spiir
  spiir-id: "637720473843818982"
  Assets:Checking:Dagligvarer  -90.00 DKK
  Expenses:Food:Groceries  90.00 DKK

2021-11-09 * "Skaal Cph Koebenhavn K" "Bar, cafe & restaurant" #spiir
  spiir-id: "637720472446917363"
  Assets:Checking:Primary  -90.00 DKK
  Expenses:Food:Restaurant  90.00 DKK

2021-11-09 * "Skaal Cph Koebenhavn K" "Bar, cafe & restaurant" #spiir
  spiir-id: "637720472447062650"
  Assets:Checking:Primary  -78.00 DKK
  Expenses:Food:Restaurant  78.00 DKK

2021-11-09 * "Eroski Intermodal Palma De Mall" "Ferieaktiviteter" #spiir
  spiir-id: "637720473843818973"
  Assets:Checking:Dagligvarer  -4.76 DKK
  Expenses:Travel:Activities  4.76 DKK

2021-11-09 * "Eroski Intermodal Palma De Mall" "Ferieaktiviteter" #spiir
  spiir-id: "637720473843818974"
  Assets:Checking:Dagligvarer  -72.87 DKK
  Expenses:Travel:Activities  72.87 DKK

2021-11-09 * "Newrest Travel Retail- Vu Palma" "Ferieaktiviteter" #spiir
  spiir-id: "637720473843818975"
  Assets:Checking:Dagligvarer  -33.98 DKK
  Expenses:Travel:Activities  33.98 DKK

2021-11-09 * "La Parada Palma" "Ferieaktiviteter" #spiir
  spiir-id: "637720473843818976"
  Assets:Checking:Dagligvarer  -22.65 DKK
  Expenses:Travel:Activities  22.65 DKK

2021-11-09 * "Ses Oliveres El Port" "Ferieaktiviteter" #spiir
  spiir-id: "637720473843818977"
  Assets:Checking:Dagligvarer  -531.58 DKK
  Expenses:Travel:Activities  531.58 DKK

2021-11-09 * "La Parada Palma" "Ferieaktiviteter" #spiir
  spiir-id: "637720473843818978"
  Assets:Checking:Dagligvarer  -45.31 DKK
  Expenses:Travel:Activities  45.31 DKK

2021-11-09 * "Jagger Prinsessegade Vejle" "Bar, cafe & restaurant" #spiir
  spiir-id: "637720473843818979"
  Assets:Checking:Dagligvarer  -22.50 DKK
  Expenses:Food:Restaurant  22.50 DKK

2021-11-09 * "Can Terra Palma De Mall" "Ferieaktiviteter" #spiir
  spiir-id: "637720473843818980"
  Assets:Checking:Dagligvarer  -141.20 DKK
  Expenses:Travel:Activities  141.20 DKK

2021-11-10 * "Doyouspain.Com Castellon De" "Ferieaktiviteter" #spiir
  spiir-id: "637721266759034622"
  Assets:Checking:Primary  -529.01 DKK
  Expenses:Travel:Activities  529.01 DKK

2021-11-10 * "Supermercado Fortuna Soller" "Ferieaktiviteter" #spiir
  spiir-id: "637721267865216962"
  Assets:Checking:Dagligvarer  -24.17 DKK
  Expenses:Travel:Activities  24.17 DKK

2021-11-10 * "Bike And Bakes Deia" "Ferieaktiviteter" #spiir
  spiir-id: "637721267865216963"
  Assets:Checking:Dagligvarer  -195.57 DKK
  Expenses:Travel:Activities  195.57 DKK

2021-11-10 * "Unusual Hotels Soller" "" #spiir
  spiir-id: "637721267865216964"
  Assets:Checking:Dagligvarer  -12.54 DKK
  Expenses:Uncategorized  12.54 DKK

2021-11-11 * "Hostal Nadal Soller" "Fly & Hotel" #spiir
  spiir-id: "637722145261843302"
  Assets:Checking:Primary  -328.96 DKK
  Expenses:Travel:Transport  328.96 DKK

2021-11-11 * "tipster.dk 689-7" "Bar, cafe & restaurant" #spiir
  spiir-id: "637722145261843303"
  Assets:Checking:Primary  -150.00 DKK
  Expenses:Food:Restaurant  150.00 DKK

2021-11-11 * "Charcuteria Viana Cladera Palma D" "Ferieaktiviteter" #spiir
  spiir-id: "637722146917216138"
  Assets:Checking:Dagligvarer  -104.13 DKK
  Expenses:Travel:Activities  104.13 DKK

2021-11-11 * "El Petit Soller" "Ferieaktiviteter" #spiir
  spiir-id: "637722146917216139"
  Assets:Checking:Dagligvarer  -149.51 DKK
  Expenses:Travel:Activities  149.51 DKK

2021-11-12 * "Cmxwww.Comixology.Com" "Film, musik & læsestof" #spiir
  spiir-id: "637722981663804447"
  Assets:Checking:Primary  -211.38 DKK
  Expenses:Entertainment:Media  211.38 DKK

2021-11-12 * "Pastisseria Son Ferriol Palma D" "Ferieaktiviteter" #spiir
  spiir-id: "637722981663804448"
  Assets:Checking:Primary  -9.82 DKK
  Expenses:Travel:Activities  9.82 DKK

2021-11-12 * "Airbnb Taz9ymbz 458-988-2000" "Fly & Hotel" #spiir
  spiir-id: "637722981663804449"
  Assets:Checking:Primary  -781.00 DKK
  Expenses:Travel:Transport  781.00 DKK

2021-11-12 * "Aldi Magaluf Magaluf" "Dagligvarer" #spiir
  spiir-id: "637722982951582469"
  Assets:Checking:Dagligvarer  -101.80 DKK
  Expenses:Food:Groceries  101.80 DKK

2021-11-12 * "Apple.Com/Bill" "Online services & software" #spiir
  spiir-id: "637722982951582470"
  Assets:Checking:Dagligvarer  -35.00 DKK
  Expenses:Subscriptions:Software  35.00 DKK

2021-11-15 * "Por Ciento Palma" "Ferieaktiviteter" #spiir
  spiir-id: "637725546972727825"
  Assets:Checking:Primary  -393.38 DKK
  Expenses:Travel:Activities  393.38 DKK

2021-11-15 * "Airbnb Hmh35mc34w 458-988-2000" "Fly & Hotel" #spiir
  spiir-id: "637725546972727826"
  Assets:Checking:Primary  -612.52 DKK
  Expenses:Travel:Transport  612.52 DKK

2021-11-15 * "Airbnb Hmkecbxwxc 458-988-2000" "Fly & Hotel" #spiir
  spiir-id: "637725546972727827"
  Assets:Checking:Primary  -437.54 DKK
  Expenses:Travel:Transport  437.54 DKK

2021-11-16 * "Rest.Tako San Palma De Mall" "Ferieaktiviteter" #spiir
  spiir-id: "637726405731916672"
  Assets:Checking:Primary  -82.30 DKK
  Expenses:Travel:Activities  82.30 DKK

2021-11-16 * "Pasteleria Can Molinas Valldemoss" "Ferieaktiviteter" #spiir
  spiir-id: "637726405731916673"
  Assets:Checking:Primary  -56.24 DKK
  Expenses:Travel:Activities  56.24 DKK

2021-11-16 * "Barbaflorida Cafe Valldemossa" "Bar, cafe & restaurant" #spiir
  spiir-id: "637726405731916674"
  Assets:Checking:Primary  -24.82 DKK
  Expenses:Food:Restaurant  24.82 DKK

2021-11-16 * "Es Cos Valldemossa" "Ferieaktiviteter" #spiir
  spiir-id: "637726405731916675"
  Assets:Checking:Primary  -10.64 DKK
  Expenses:Travel:Activities  10.64 DKK

2021-11-16 * "La Boutique Del Gelato Palma" "Ferieaktiviteter" #spiir
  spiir-id: "637726405731916676"
  Assets:Checking:Primary  -22.44 DKK
  Expenses:Travel:Activities  22.44 DKK

2021-11-16 * "Artesan Valldemossa" "Ferieaktiviteter" #spiir
  spiir-id: "637726405731916677"
  Assets:Checking:Primary  -80.67 DKK
  Expenses:Travel:Activities  80.67 DKK

2021-11-16 * "Cmxwww.Comixology.Com" "Film, musik & læsestof" #spiir
  spiir-id: "637726405731916678"
  Assets:Checking:Primary  -105.62 DKK
  Expenses:Entertainment:Media  105.62 DKK

2021-11-16 * "Apt.Palomas/Kensington Son Caliu" "Fly & Hotel" #spiir
  spiir-id: "637726405731916679"
  Assets:Checking:Primary  -726.29 DKK
  Expenses:Travel:Transport  726.29 DKK

2021-11-16 * "Taxi 859 Palma Palma" "Ferieaktiviteter" #spiir
  spiir-id: "637726405731916680"
  Assets:Checking:Primary  -114.38 DKK
  Expenses:Travel:Activities  114.38 DKK

2021-11-16 * "Audible*W38ZS57R3 Amzn.com/bill" "Online services & software" #spiir
  spiir-id: "637726405731916681"
  Assets:Checking:Primary  -114.07 DKK
  Expenses:Subscriptions:Software  114.07 DKK

2021-11-16 * "Pasteleria Can Molinas Valldemoss" "Ferieaktiviteter" #spiir
  spiir-id: "637726407289991609"
  Assets:Checking:Dagligvarer  -31.71 DKK
  Expenses:Travel:Activities  31.71 DKK

2021-11-16 * "Coaliment Valldemosa Valldemossa" "" #spiir
  spiir-id: "637726407289991610"
  Assets:Checking:Dagligvarer  -32.69 DKK
  Expenses:Uncategorized  32.69 DKK

2021-11-16 * "Mini Market Palma" "Ferieaktiviteter" #spiir
  spiir-id: "637726407289991611"
  Assets:Checking:Dagligvarer  -30.21 DKK
  Expenses:Travel:Activities  30.21 DKK

2021-11-16 * "El Toro Foods Palmanova" "" #spiir
  spiir-id: "637726407289991612"
  Assets:Checking:Dagligvarer  -37.75 DKK
  Expenses:Uncategorized  37.75 DKK

2021-11-16 * "Tib Bus Tren Metro Palma Mallorc" "Ferieaktiviteter" #spiir
  spiir-id: "637726407289991613"
  Assets:Checking:Dagligvarer  -39.26 DKK
  Expenses:Travel:Activities  39.26 DKK

2021-11-16 * "Colmado Santo Domingo Palma De Ma" "Ferieaktiviteter" #spiir
  spiir-id: "637726407289991614"
  Assets:Checking:Dagligvarer  -73.62 DKK
  Expenses:Travel:Activities  73.62 DKK

2021-11-16 * "Eroski Port Andraitx Gabr Port Da" "Fly & Hotel" #spiir
  spiir-id: "637726407289991615"
  Assets:Checking:Dagligvarer  -351.29 DKK
  Expenses:Travel:Transport  351.29 DKK

2021-11-16 * "Sa Botiga Des Port Port Dandrat" "Bar, cafe & restaurant" #spiir
  spiir-id: "637726407289991616"
  Assets:Checking:Dagligvarer  -54.36 DKK
  Expenses:Food:Restaurant  54.36 DKK

2021-11-16 * "Mc Donalds Son Rapinya Palma" "" #spiir
  spiir-id: "637726407289991617"
  Assets:Checking:Dagligvarer  -62.67 DKK
  Expenses:Uncategorized  62.67 DKK

2021-11-16 * "Bar Petit Sant Elm" "Bar, cafe & restaurant" #spiir
  spiir-id: "637726407289991618"
  Assets:Checking:Dagligvarer  -57.38 DKK
  Expenses:Food:Restaurant  57.38 DKK

2021-11-17 * "Paraires Palma De Mall" "Ferieaktiviteter" #spiir
  spiir-id: "637727327465093765"
  Assets:Checking:Primary  -17.09 DKK
  Expenses:Travel:Activities  17.09 DKK

2021-11-17 * "Mistral Coffee Company Palma" "Bar, cafe & restaurant" #spiir
  spiir-id: "637727327465093766"
  Assets:Checking:Primary  -19.33 DKK
  Expenses:Food:Restaurant  19.33 DKK

2021-11-17 * "Xarig Perfumeries Palma" "Ferieaktiviteter" #spiir
  spiir-id: "637727327465093767"
  Assets:Checking:Primary  -27.12 DKK
  Expenses:Travel:Activities  27.12 DKK

2021-11-17 * "Simple Smart Food Palma De Mall" "Ferieaktiviteter" #spiir
  spiir-id: "637727327465093768"
  Assets:Checking:Primary  -89.09 DKK
  Expenses:Travel:Activities  89.09 DKK

2021-11-17 * "Flash Movil Palma" "Ferieaktiviteter" #spiir
  spiir-id: "637727327465093769"
  Assets:Checking:Primary  -75.42 DKK
  Expenses:Travel:Activities  75.42 DKK

2021-11-17 * "El Corte Ingles Jaime Iii Palma D" "Dagligvarer" #spiir
  spiir-id: "637727327465093770"
  Assets:Checking:Primary  -34.58 DKK
  Expenses:Food:Groceries  34.58 DKK

2021-11-17 * "El Corte Ingles Departam. Palma" "Dagligvarer" #spiir
  spiir-id: "637727327465093771"
  Assets:Checking:Primary  -31.64 DKK
  Expenses:Food:Groceries  31.64 DKK

2021-11-17 * "Vermuteria La Rosa Palma De Mall" "Ferieaktiviteter" #spiir
  spiir-id: "637727327465093772"
  Assets:Checking:Primary  -360.88 DKK
  Expenses:Travel:Activities  360.88 DKK

2021-11-18 * "Bar Coto Palma" "Bar, cafe & restaurant" #spiir
  spiir-id: "637728159248565293"
  Assets:Checking:Primary  -290.10 DKK
  Expenses:Food:Restaurant  290.10 DKK

2021-11-18 * "Mistral Coffee Company Palma" "Bar, cafe & restaurant" #spiir
  spiir-id: "637728159248565347"
  Assets:Checking:Primary  -18.88 DKK
  Expenses:Food:Restaurant  18.88 DKK

2021-11-19 * "Spotify" "Film, musik & læsestof" #spiir
  spiir-id: "637729067085543799"
  Assets:Checking:Fixed  -124.00 DKK
  Expenses:Entertainment:Media  124.00 DKK

2021-11-19 * "Soller 2010 Soller" "Ferieaktiviteter" #spiir
  spiir-id: "637729893207826651"
  Assets:Checking:Primary  -15.10 DKK
  Expenses:Travel:Activities  15.10 DKK

2021-11-19 * "Es Pa Pages Soller" "Ferieaktiviteter" #spiir
  spiir-id: "637729893207826652"
  Assets:Checking:Primary  -7.55 DKK
  Expenses:Travel:Activities  7.55 DKK

2021-11-19 * "Mistral Coffee Company Palma" "Bar, cafe & restaurant" #spiir
  spiir-id: "637729893207826653"
  Assets:Checking:Primary  -18.87 DKK
  Expenses:Food:Restaurant  18.87 DKK

2021-11-19 * "Paraires Palma De Mall" "Ferieaktiviteter" #spiir
  spiir-id: "637729893207826654"
  Assets:Checking:Primary  -83.05 DKK
  Expenses:Travel:Activities  83.05 DKK

2021-11-19 * "Sa Granja Soller" "Ferieaktiviteter" #spiir
  spiir-id: "637729893207826655"
  Assets:Checking:Primary  -283.87 DKK
  Expenses:Travel:Activities  283.87 DKK

2021-11-19 * "Netto Backersvej" "Dagligvarer" #spiir
  spiir-id: "637729894337844084"
  Assets:Checking:Dagligvarer  -164.40 DKK
  Expenses:Food:Groceries  164.40 DKK

2021-11-20 * "MobilePay Orion Madsen" "Gaver & velgørenhed" #spiir
  spiir-id: "637730758639559765"
  Assets:Checking:Primary  4000.00 DKK
  Expenses:Gifts  -4000.00 DKK

2021-11-21 * "Til Kærestekonto" "Dagligvarer" #spiir
  spiir-id: "637731645833026126"
  Assets:Checking:Primary  -1000.00 DKK
  Expenses:Food:Groceries  1000.00 DKK

2021-11-21 * "Fra Primary" "Dagligvarer" #spiir
  spiir-id: "637731646850716822"
  Assets:Checking:Dagligvarer  1000.00 DKK
  Expenses:Food:Groceries  -1000.00 DKK

2021-11-21 * "Fra Lee Ann Hollesen" "Dagligvarer" #spiir
  spiir-id: "637731646850716823"
  Assets:Checking:Dagligvarer  1000.00 DKK
  Expenses:Food:Groceries  -1000.00 DKK

2021-11-22 * "Stupid Pirate" "Bøder & afgifter" #spiir
  spiir-id: "637731645832276899"
  Assets:Checking:Primary  -5810.84 DKK
  Expenses:Tax:Fines  5810.84 DKK

2021-11-22 * "Minim Coffee Co. A" "Bar, cafe & restaurant" #spiir
  spiir-id: "637731645833026120"
  Assets:Checking:Primary  -79.00 DKK
  Expenses:Food:Restaurant  79.00 DKK

2021-11-22 * "Amager Strand Apot" "Apotek & medicin" #spiir
  spiir-id: "637731645833026121"
  Assets:Checking:Primary  -142.00 DKK
  Expenses:Health:Pharmacy  142.00 DKK

2021-11-22 * "Spejder Sport A/S" "Hobby & sportsudstyr" #spiir
  spiir-id: "637731645833026122"
  Assets:Checking:Primary  700.00 DKK
  Expenses:Shopping:Sports  -700.00 DKK

2021-11-22 * "Horno Santo Cristo Soller" "Ferieaktiviteter" #spiir
  spiir-id: "637731645833026123"
  Assets:Checking:Primary  -34.73 DKK
  Expenses:Travel:Activities  34.73 DKK

2021-11-22 * "Tu Take Away Can Picafort" "Fastfood & takeaway" #spiir
  spiir-id: "637731645833026124"
  Assets:Checking:Primary  -90.60 DKK
  Expenses:Food:Takeaway  90.60 DKK

2021-11-22 * "Estanc Sa Lluna Soller Soller" "Ferieaktiviteter" #spiir
  spiir-id: "637731645833026125"
  Assets:Checking:Primary  -37.75 DKK
  Expenses:Travel:Activities  37.75 DKK

2021-11-22 * "Netto Backersvej" "Dagligvarer" #spiir
  spiir-id: "637731646850716816"
  Assets:Checking:Dagligvarer  -83.50 DKK
  Expenses:Food:Groceries  83.50 DKK

2021-11-22 * "BabySam A/S" "Babyudstyr" #spiir
  spiir-id: "637731646850716817"
  Assets:Checking:Dagligvarer  219.90 DKK
  Expenses:Kids:Baby  -219.90 DKK

2021-11-22 * "Fakta Strandlodsve" "Dagligvarer" #spiir
  spiir-id: "637731646850716818"
  Assets:Checking:Dagligvarer  -25.00 DKK
  Expenses:Food:Groceries  25.00 DKK

2021-11-22 * "Coop Kvickly Stran" "Dagligvarer" #spiir
  spiir-id: "637731646850716819"
  Assets:Checking:Dagligvarer  -103.00 DKK
  Expenses:Food:Groceries  103.00 DKK

2021-11-22 * "Fakta Strandlodsve" "Dagligvarer" #spiir
  spiir-id: "637731646850716820"
  Assets:Checking:Dagligvarer  -66.45 DKK
  Expenses:Food:Groceries  66.45 DKK

2021-11-22 * "Tib Bus Tren Metro Palma Mallorc" "Ferieaktiviteter" #spiir
  spiir-id: "637731646850716821"
  Assets:Checking:Dagligvarer  -26.04 DKK
  Expenses:Travel:Activities  26.04 DKK

2021-11-22 * "DMR period. afgift" "Ejerafgift/grøn afgift" #spiir
  spiir-id: "637732504832677915"
  Assets:Checking:Primary  -1113.00 DKK
  Expenses:Car:Tax  1113.00 DKK

2021-11-22 * "Stark Kbh S" "Ombygning & vedligehold" #spiir
  spiir-id: "637732505813365580"
  Assets:Checking:Dagligvarer  -153.90 DKK
  Expenses:House:Renovation  153.90 DKK

2021-11-22 * "Netto Backersvej" "Dagligvarer" #spiir
  spiir-id: "637732505813365581"
  Assets:Checking:Dagligvarer  -15.00 DKK
  Expenses:Food:Groceries  15.00 DKK

2021-11-22 * "Kvickly Sundby" "Dagligvarer" #spiir
  spiir-id: "637732505813365582"
  Assets:Checking:Dagligvarer  -38.50 DKK
  Expenses:Food:Groceries  38.50 DKK

2021-11-22 * "Kvickly Sundby" "Dagligvarer" #spiir
  spiir-id: "637732505813365583"
  Assets:Checking:Dagligvarer  -95.00 DKK
  Expenses:Food:Groceries  95.00 DKK

2021-11-23 * "Copenhagen Boulders Aps Koebenh" "Bar, cafe & restaurant" #spiir
  spiir-id: "637732504832677911"
  Assets:Checking:Primary  -20.00 DKK
  Expenses:Food:Restaurant  20.00 DKK

2021-11-23 * "Aer.Palma Aire Alcobendas" "Ferieaktiviteter" #spiir
  spiir-id: "637732504832677912"
  Assets:Checking:Primary  -22.57 DKK
  Expenses:Travel:Activities  22.57 DKK

2021-11-23 * "Costa Coffe Pmi Arganda Del R" "Ferieaktiviteter" #spiir
  spiir-id: "637732504832677913"
  Assets:Checking:Primary  -27.18 DKK
  Expenses:Travel:Activities  27.18 DKK

2021-11-23 * "Airbnb Hmkecbxwxc 458-988-2000" "Fly & Hotel" #spiir
  spiir-id: "637732504832677914"
  Assets:Checking:Primary  437.54 DKK
  Expenses:Travel:Transport  -437.54 DKK

2021-11-23 * "Tilda Aps Kobenhavn N" "" #spiir
  spiir-id: "637732505813365575"
  Assets:Checking:Dagligvarer  -620.00 DKK
  Expenses:Uncategorized  620.00 DKK

2021-11-23 * "Apple.Com/Bill" "Online services & software" #spiir
  spiir-id: "637732505813365576"
  Assets:Checking:Dagligvarer  -69.00 DKK
  Expenses:Subscriptions:Software  69.00 DKK

2021-11-23 * "Coop Kvickly Strandlodsve Koebenh" "Dagligvarer" #spiir
  spiir-id: "637732505813365577"
  Assets:Checking:Dagligvarer  -73.15 DKK
  Expenses:Food:Groceries  73.15 DKK

2021-11-23 * "Al-Basra Marked Kobenhavn S" "Dagligvarer" #spiir
  spiir-id: "637732505813365578"
  Assets:Checking:Dagligvarer  -38.00 DKK
  Expenses:Food:Groceries  38.00 DKK

2021-11-23 * "Halalslagter" "Dagligvarer" #spiir
  spiir-id: "637732505813365579"
  Assets:Checking:Dagligvarer  -135.00 DKK
  Expenses:Food:Groceries  135.00 DKK

2021-11-23 * "MobilePay Dessouky" "Bar, cafe & restaurant" #spiir
  spiir-id: "637733378552851832"
  Assets:Checking:Primary  -295.00 DKK
  Expenses:Food:Restaurant  295.00 DKK

2021-11-23 * "MobilePay Anine" "" #spiir
  spiir-id: "637733378552851833"
  Assets:Checking:Primary  150.00 DKK
  Expenses:Uncategorized  -150.00 DKK

2021-11-23 * "MobilePay 923547-JL21-Tove Ditlevse" "" #spiir
  spiir-id: "637733378552851834"
  Assets:Checking:Primary  -30.00 DKK
  Expenses:Uncategorized  30.00 DKK

2021-11-24 * "Netto Backersvej" "Dagligvarer" #spiir
  spiir-id: "637734214679634566"
  Assets:Checking:Dagligvarer  -29.95 DKK
  Expenses:Food:Groceries  29.95 DKK

2021-11-24 * "ALDI Øst" "Dagligvarer" #spiir
  spiir-id: "637734214679634567"
  Assets:Checking:Dagligvarer  -52.95 DKK
  Expenses:Food:Groceries  52.95 DKK

2021-11-24 * "Coop Kvickly Stran" "Dagligvarer" #spiir
  spiir-id: "637734214679634568"
  Assets:Checking:Dagligvarer  -280.79 DKK
  Expenses:Food:Groceries  280.79 DKK

2021-11-25 * "FK-Feriepenge" "Feriepenge" #spiir
  spiir-id: "637734213514437185"
  Assets:Checking:Primary  22692.62 DKK
  Income:Holiday  -22692.62 DKK

2021-11-25 * "Netto Backersvej Koebenhavn S" "Dagligvarer" #spiir
  spiir-id: "637734214679634564"
  Assets:Checking:Dagligvarer  -53.90 DKK
  Expenses:Food:Groceries  53.90 DKK

2021-11-25 * "Netto Backersvej Koebenhavn S" "Dagligvarer" #spiir
  spiir-id: "637734214679634565"
  Assets:Checking:Dagligvarer  -10.75 DKK
  Expenses:Food:Groceries  10.75 DKK

2021-11-26 * "ZTL*People Like Us Aps Kobenhavn" "Bar, cafe & restaurant" #spiir
  spiir-id: "637735130030402411"
  Assets:Checking:Primary  -179.00 DKK
  Expenses:Food:Restaurant  179.00 DKK

2021-11-26 * "ZTL*Cub Coffee Bar Kobenhavn K" "Bar, cafe & restaurant" #spiir
  spiir-id: "637735130030402412"
  Assets:Checking:Primary  -500.00 DKK
  Expenses:Food:Restaurant  500.00 DKK

2021-11-26 * "Flügger Farver" "Ombygning & vedligehold" #spiir
  spiir-id: "637735998434323176"
  Assets:Checking:Primary  -108.00 DKK
  Expenses:House:Renovation  108.00 DKK

2021-11-26 * "Flügger Farver" "Ombygning & vedligehold" #spiir
  spiir-id: "637735998434323177"
  Assets:Checking:Primary  -202.50 DKK
  Expenses:House:Renovation  202.50 DKK

2021-11-28 * "MobilePay Dan Meakin" "Bar, cafe & restaurant" #spiir
  spiir-id: "637737716608752755"
  Assets:Checking:Primary  -230.00 DKK
  Expenses:Food:Restaurant  230.00 DKK

2021-11-29 * "Rejsekort - DSB" "Bus, tog, færge o.l." #spiir
  spiir-id: "637737716608752753"
  Assets:Checking:Primary  -300.00 DKK
  Expenses:Transport:Public  300.00 DKK

2021-11-29 * "goshopping.dk" "Møbler & boligudstyr" #spiir
  spiir-id: "637737716608752754"
  Assets:Checking:Primary  -288.00 DKK
  Expenses:Shopping:Furniture  288.00 DKK

2021-11-29 * "Føtex Amagercent" "Dagligvarer" #spiir
  spiir-id: "637737717595162709"
  Assets:Checking:Dagligvarer  -12.50 DKK
  Expenses:Food:Groceries  12.50 DKK

2021-11-30 * "AMZN Mktp DE" "" #spiir
  spiir-id: "637738625666842345"
  Assets:Checking:Primary  -951.34 DKK
  Expenses:Uncategorized  951.34 DKK

2021-11-30 * "Himmeriget Frederiksberg" "Bar, cafe & restaurant" #spiir
  spiir-id: "637738625666842346"
  Assets:Checking:Primary  -425.00 DKK
  Expenses:Food:Restaurant  425.00 DKK

2021-11-30 * "Dvh Cph Aps Kobenhavn K" "" #spiir
  spiir-id: "637738625666842347"
  Assets:Checking:Primary  -40.00 DKK
  Expenses:Uncategorized  40.00 DKK

2021-11-30 * "Lønoverførsel" "Løn" #spiir
  spiir-id: "637738625666842348"
  Assets:Checking:Primary  30382.73 DKK
  Income:Salary  -30382.73 DKK

2021-11-30 * "E Billet A/S" "Biograf, koncerter & forlystelser" #spiir
  spiir-id: "637738625666842349"
  Assets:Checking:Primary  -165.00 DKK
  Expenses:Entertainment:Events  165.00 DKK

2021-11-30 * "KAFFESLABBERASEN Koebenhavn v" "Bar, cafe & restaurant" #spiir
  spiir-id: "637738627470656222"
  Assets:Checking:Dagligvarer  -133.00 DKK
  Expenses:Food:Restaurant  133.00 DKK

2021-11-30 * "Foetex Amager Centret Koebenhavn" "Dagligvarer" #spiir
  spiir-id: "637738627470816015"
  Assets:Checking:Dagligvarer  -56.50 DKK
  Expenses:Food:Groceries  56.50 DKK

2021-11-30 * "Dianas Bageri Koebenhavn S" "Kiosk, bager & specialbutikker" #spiir
  spiir-id: "637738627470816016"
  Assets:Checking:Dagligvarer  -56.00 DKK
  Expenses:Food:Kiosk  56.00 DKK

2021-11-30 * "Netto Backersvej Koebenhavn S" "Dagligvarer" #spiir
  spiir-id: "637738627470816017"
  Assets:Checking:Dagligvarer  -49.95 DKK
  Expenses:Food:Groceries  49.95 DKK

2021-11-30 * "Wanlong Asian Market Koebenhavn S" "Dagligvarer" #spiir
  spiir-id: "637738627470816018"
  Assets:Checking:Dagligvarer  -114.00 DKK
  Expenses:Food:Groceries  114.00 DKK

2021-11-30 * "Bilka One Stop Koebenhavn S" "Dagligvarer" #spiir
  spiir-id: "637738627470816019"
  Assets:Checking:Dagligvarer  -276.50 DKK
  Expenses:Food:Groceries  276.50 DKK

2021-11-30 * "3´s Kortbetaling" "Telefoni & internet" #spiir
  spiir-id: "637739503635065554"
  Assets:Checking:Primary  -212.39 DKK
  Expenses:Subscriptions:Telecom  212.39 DKK

2021-11-30 * "Netto Backersvej" "Dagligvarer" #spiir
  spiir-id: "637739506585774801"
  Assets:Checking:Dagligvarer  -187.70 DKK
  Expenses:Food:Groceries  187.70 DKK

2021-12-01 * "Vision Direct Bv Amsterdam" "Briller & kontaktlinser" #spiir
  spiir-id: "637739503635065546"
  Assets:Checking:Primary  -1469.76 DKK
  Expenses:Health:Vision  1469.76 DKK

2021-12-01 * "Kleen Hub Kbenhavn S" "Bar, cafe & restaurant" #spiir
  spiir-id: "637739503635065547"
  Assets:Checking:Primary  -10.00 DKK
  Expenses:Food:Restaurant  10.00 DKK

2021-12-01 * "AMZN Mktp DE" "" #spiir
  spiir-id: "637739503635065548"
  Assets:Checking:Primary  -2673.06 DKK
  Expenses:Uncategorized  2673.06 DKK

2021-12-01 * "Tryg" "Indbo- & familieforsikring" #spiir
  spiir-id: "637739503635065549"
  Assets:Checking:Primary  -668.47 DKK
  Expenses:House:Contents-Insurance  668.47 DKK

2021-12-01 * "Faste Fællesudgifter" "Sundheds- & sygeforsikring" #spiir
  spiir-id: "637739503635065550"
  Assets:Checking:Primary  -500.00 DKK
  Expenses:Insurance:Health  500.00 DKK

2021-12-01 * "Kærestekonto" "Dagligvarer" #spiir
  spiir-id: "637739503635065551"
  Assets:Checking:Primary  -2000.00 DKK
  Expenses:Food:Groceries  2000.00 DKK

2021-12-01 * "Husleje" "Boliglån/husleje" #spiir
  spiir-id: "637739503635065552"
  Assets:Checking:Primary  -5000.00 DKK
  Expenses:House:Mortgage  5000.00 DKK

2021-12-01 * "iCloud Fastefæll.udgifte" "Online services & software" #spiir
  spiir-id: "637739503635065553"
  Assets:Checking:Primary  69.00 DKK
  Expenses:Subscriptions:Software  -69.00 DKK

2021-12-01 * "Faste fællesudgifter" "Sundheds- & sygeforsikring" #spiir
  spiir-id: "637739505431977132"
  Assets:Checking:Fixed  500.00 DKK
  Expenses:Insurance:Health  -500.00 DKK

2021-12-01 * "Fast Overførsel - Patric" "Sundheds- & sygeforsikring" #spiir
  spiir-id: "637739505431977133"
  Assets:Checking:Fixed  500.00 DKK
  Expenses:Insurance:Health  -500.00 DKK

2021-12-01 * "iCloud" "Online services & software" #spiir
  spiir-id: "637739505431977134"
  Assets:Checking:Fixed  -69.00 DKK
  Expenses:Subscriptions:Software  69.00 DKK

2021-12-01 * "Elena Chokolade Aps Koebenhavn N" "" #spiir
  spiir-id: "637739506585774798"
  Assets:Checking:Dagligvarer  -30.00 DKK
  Expenses:Uncategorized  30.00 DKK

2021-12-01 * "Antivægttab" "Dagligvarer" #spiir
  spiir-id: "637739506585774799"
  Assets:Checking:Dagligvarer  2000.00 DKK
  Expenses:Food:Groceries  -2000.00 DKK

2021-12-01 * "Underminer træning.." "Dagligvarer" #spiir
  spiir-id: "637739506585774800"
  Assets:Checking:Dagligvarer  2000.00 DKK
  Expenses:Food:Groceries  -2000.00 DKK

2021-12-01 * "MobilePay Ole Storjohann" "Biograf, koncerter & forlystelser" #spiir
  spiir-id: "637740281866878106"
  Assets:Checking:Primary  174.00 DKK
  Expenses:Entertainment:Events  -174.00 DKK

2021-12-02 * "AMZN Mktp DE" "" #spiir
  spiir-id: "637740281866738678"
  Assets:Checking:Primary  -374.98 DKK
  Expenses:Uncategorized  374.98 DKK

2021-12-02 * "telia.dk" "Telefoni & internet" #spiir
  spiir-id: "637740282546620997"
  Assets:Checking:Fixed  -249.00 DKK
  Expenses:Subscriptions:Telecom  249.00 DKK

2021-12-02 * "tipster.dk 919-4" "Bar, cafe & restaurant" #spiir
  spiir-id: "637741105311333264"
  Assets:Checking:Primary  -450.00 DKK
  Expenses:Food:Restaurant  450.00 DKK

2021-12-03 * "Mirabelle Koebenhavn N" "" #spiir
  spiir-id: "637741105311333258"
  Assets:Checking:Primary  -76.00 DKK
  Expenses:Uncategorized  76.00 DKK

2021-12-03 * "Parkman" "Parkering" #spiir
  spiir-id: "637741105311333259"
  Assets:Checking:Primary  -17.66 DKK
  Expenses:Car:Parking  17.66 DKK

2021-12-03 * "ZTL*Dough Girls Doughnuts Kobenha" "Bar, cafe & restaurant" #spiir
  spiir-id: "637741105311333260"
  Assets:Checking:Primary  -49.00 DKK
  Expenses:Food:Restaurant  49.00 DKK

2021-12-03 * "Boutique Fisk Koebenhavn K" "" #spiir
  spiir-id: "637741105311333261"
  Assets:Checking:Primary  -118.00 DKK
  Expenses:Uncategorized  118.00 DKK

2021-12-03 * "Den Kinesiske Koebmand Ap Koebenh" "Dagligvarer" #spiir
  spiir-id: "637741105311333262"
  Assets:Checking:Primary  -103.00 DKK
  Expenses:Food:Groceries  103.00 DKK

2021-12-03 * "Jagger - Strandlod" "Bar, cafe & restaurant" #spiir
  spiir-id: "637741105311333263"
  Assets:Checking:Primary  -130.00 DKK
  Expenses:Food:Restaurant  130.00 DKK

2021-12-03 * "MobilePay Annette Scheutz" "" #spiir
  spiir-id: "637741968609764512"
  Assets:Checking:Primary  -250.00 DKK
  Expenses:Uncategorized  250.00 DKK

2021-12-04 * "MobilePay Milan Hinrichsen" "" #spiir
  spiir-id: "637742828615371696"
  Assets:Checking:Primary  -650.00 DKK
  Expenses:Uncategorized  650.00 DKK

2021-12-06 * "Rejsekort - DSB" "Bus, tog, færge o.l." #spiir
  spiir-id: "637743731009947884"
  Assets:Checking:Primary  -300.00 DKK
  Expenses:Transport:Public  300.00 DKK

2021-12-06 * "AMZN Mktp DE" "" #spiir
  spiir-id: "637743731009947885"
  Assets:Checking:Primary  -1062.39 DKK
  Expenses:Uncategorized  1062.39 DKK

2021-12-06 * "Netto Backersvej" "Dagligvarer" #spiir
  spiir-id: "637743733125961060"
  Assets:Checking:Dagligvarer  -88.25 DKK
  Expenses:Food:Groceries  88.25 DKK

2021-12-06 * "Netto Backersvej" "Dagligvarer" #spiir
  spiir-id: "637743733125961061"
  Assets:Checking:Dagligvarer  -93.95 DKK
  Expenses:Food:Groceries  93.95 DKK

2021-12-06 * "Kft 1 ApS" "Dagligvarer" #spiir
  spiir-id: "637743733125961062"
  Assets:Checking:Dagligvarer  -248.80 DKK
  Expenses:Food:Groceries  248.80 DKK

2021-12-06 * "MobilePay: Coop App" "Dagligvarer" #spiir
  spiir-id: "637744598768554116"
  Assets:Checking:Dagligvarer  -135.90 DKK
  Expenses:Food:Groceries  135.90 DKK

2021-12-07 * "Skaal Cph Koebenhavn K" "Bar, cafe & restaurant" #spiir
  spiir-id: "637744597411479560"
  Assets:Checking:Primary  -69.00 DKK
  Expenses:Food:Restaurant  69.00 DKK

2021-12-07 * "Skaal Cph Koebenhavn K" "Bar, cafe & restaurant" #spiir
  spiir-id: "637744597411479561"
  Assets:Checking:Primary  -99.00 DKK
  Expenses:Food:Restaurant  99.00 DKK

2021-12-07 * "Skaal Cph Koebenhavn K" "Bar, cafe & restaurant" #spiir
  spiir-id: "637744597411479562"
  Assets:Checking:Primary  -62.00 DKK
  Expenses:Food:Restaurant  62.00 DKK

2021-12-07 * "Skaal Cph Koebenhavn K" "Bar, cafe & restaurant" #spiir
  spiir-id: "637744597411479563"
  Assets:Checking:Primary  -45.00 DKK
  Expenses:Food:Restaurant  45.00 DKK

2021-12-07 * "Netto Backersvej Koebenhavn S" "Dagligvarer" #spiir
  spiir-id: "637744598768554115"
  Assets:Checking:Dagligvarer  -16.00 DKK
  Expenses:Food:Groceries  16.00 DKK

2021-12-07 * "Netto Backersvej" "Dagligvarer" #spiir
  spiir-id: "637745461722946699"
  Assets:Checking:Dagligvarer  -51.20 DKK
  Expenses:Food:Groceries  51.20 DKK

2021-12-07 * "Netto Kirkegårdsve" "Dagligvarer" #spiir
  spiir-id: "637745461722946700"
  Assets:Checking:Dagligvarer  -83.75 DKK
  Expenses:Food:Groceries  83.75 DKK

2021-12-08 * "Røverkøb A/S" "Ombygning & vedligehold" #spiir
  spiir-id: "637745461722801774"
  Assets:Checking:Dagligvarer  -69.50 DKK
  Expenses:House:Renovation  69.50 DKK

2021-12-08 * "Netto Backersvej" "Dagligvarer" #spiir
  spiir-id: "637746343663975714"
  Assets:Checking:Dagligvarer  -46.50 DKK
  Expenses:Food:Groceries  46.50 DKK

2021-12-09 * "AMZN Mktp DE" "" #spiir
  spiir-id: "637746342321119910"
  Assets:Checking:Primary  -1252.58 DKK
  Expenses:Uncategorized  1252.58 DKK

2021-12-09 * "Netto Backersvej" "Dagligvarer" #spiir
  spiir-id: "637747176763104925"
  Assets:Checking:Dagligvarer  -30.45 DKK
  Expenses:Food:Groceries  30.45 DKK

2021-12-09 * "MobilePay Poster and Frame" "Gaver & velgørenhed" #spiir
  spiir-id: "637747176763104926"
  Assets:Checking:Dagligvarer  -4.00 DKK
  Expenses:Gifts  4.00 DKK

2021-12-10 * "Beta Boulders Copenhagen Vanloes" "Bar, cafe & restaurant" #spiir
  spiir-id: "637747175038530281"
  Assets:Checking:Primary  -30.00 DKK
  Expenses:Food:Restaurant  30.00 DKK

2021-12-10 * "Beta Boulders Copenhagen Vanloes" "Bar, cafe & restaurant" #spiir
  spiir-id: "637747175038530282"
  Assets:Checking:Primary  -35.00 DKK
  Expenses:Food:Restaurant  35.00 DKK

2021-12-10 * "Kunst Og Køkkentøj" "Møbler & boligudstyr" #spiir
  spiir-id: "637748042037185815"
  Assets:Checking:Primary  -94.00 DKK
  Expenses:Shopping:Furniture  94.00 DKK

2021-12-10 * "Annual Card Fee" "Bankgebyrer" #spiir
  spiir-id: "637748042905634310"
  Assets:Checking:Fixed  -60.00 DKK
  Expenses:Bank:Fees  60.00 DKK

2021-12-13 * "Foetex Amager Centret Koebenhavn" "Dagligvarer" #spiir
  spiir-id: "637749804370287559"
  Assets:Checking:Dagligvarer  -80.00 DKK
  Expenses:Food:Groceries  80.00 DKK

2021-12-13 * "Fakta" "Dagligvarer" #spiir
  spiir-id: "637750625180900910"
  Assets:Checking:Dagligvarer  -75.50 DKK
  Expenses:Food:Groceries  75.50 DKK

2021-12-13 * "Vietnams Supermark" "Dagligvarer" #spiir
  spiir-id: "637750625180900911"
  Assets:Checking:Dagligvarer  -71.00 DKK
  Expenses:Food:Groceries  71.00 DKK

2021-12-14 * "Copenhagen Boulders Aps Koebenh" "Bar, cafe & restaurant" #spiir
  spiir-id: "637750623740973591"
  Assets:Checking:Primary  -20.00 DKK
  Expenses:Food:Restaurant  20.00 DKK

2021-12-14 * "ZTL*Kaf? Bar Kobenhavn K" "Bar, cafe & restaurant" #spiir
  spiir-id: "637750623740973592"
  Assets:Checking:Primary  -63.00 DKK
  Expenses:Food:Restaurant  63.00 DKK

2021-12-14 * "Playstationnetwork London" "Spil & legetøj" #spiir
  spiir-id: "637750623740973593"
  Assets:Checking:Primary  -172.98 DKK
  Expenses:Kids:Toys  172.98 DKK

2021-12-14 * "Irma 23077 Koebenhavn Sv" "Dagligvarer" #spiir
  spiir-id: "637750625180900908"
  Assets:Checking:Dagligvarer  -59.95 DKK
  Expenses:Food:Groceries  59.95 DKK

2021-12-14 * "Apple.Com/Bill" "Online services & software" #spiir
  spiir-id: "637750625180900909"
  Assets:Checking:Dagligvarer  -35.00 DKK
  Expenses:Subscriptions:Software  35.00 DKK

2021-12-14 * "MobilePay Boulders Valby" "Bar, cafe & restaurant" #spiir
  spiir-id: "637751480318619735"
  Assets:Checking:Primary  -25.00 DKK
  Expenses:Food:Restaurant  25.00 DKK

2021-12-14 * "CEWE Fotoservice" "Elektronik & computerudstyr" #spiir
  spiir-id: "637751480318619736"
  Assets:Checking:Primary  -407.99 DKK
  Expenses:Shopping:Electronics  407.99 DKK

2021-12-14 * "surfmore.dk" "Hobby & sportsudstyr" #spiir
  spiir-id: "637751480318619737"
  Assets:Checking:Primary  -735.00 DKK
  Expenses:Shopping:Sports  735.00 DKK

2021-12-14 * "Trekroner Apotek" "Apotek & medicin" #spiir
  spiir-id: "637751481368504648"
  Assets:Checking:Dagligvarer  -69.50 DKK
  Expenses:Health:Pharmacy  69.50 DKK

2021-12-15 * "AMZN Mktp DE" "" #spiir
  spiir-id: "637751480318619733"
  Assets:Checking:Primary  1062.39 DKK
  Expenses:Uncategorized  -1062.39 DKK

2021-12-15 * "Audible*2Y9R680Q3 Amzn.com/bill" "Online services & software" #spiir
  spiir-id: "637751480318619734"
  Assets:Checking:Primary  -115.76 DKK
  Expenses:Subscriptions:Software  115.76 DKK

2021-12-15 * "Democratic Coffee" "Bar, cafe & restaurant" #spiir
  spiir-id: "637752397680131646"
  Assets:Checking:Primary  -65.00 DKK
  Expenses:Food:Restaurant  65.00 DKK

2021-12-15 * "MobilePay Dutch Cheese and Juice" "Bar, cafe & restaurant" #spiir
  spiir-id: "637752397680131647"
  Assets:Checking:Primary  -70.00 DKK
  Expenses:Food:Restaurant  70.00 DKK

2021-12-15 * "Netto Backersvej" "Dagligvarer" #spiir
  spiir-id: "637752398664233484"
  Assets:Checking:Dagligvarer  -16.95 DKK
  Expenses:Food:Groceries  16.95 DKK

2021-12-15 * "Netto Backersvej" "Dagligvarer" #spiir
  spiir-id: "637752398664233485"
  Assets:Checking:Dagligvarer  -192.85 DKK
  Expenses:Food:Groceries  192.85 DKK

2021-12-15 * "Vietnams Supermark" "Dagligvarer" #spiir
  spiir-id: "637752398664233486"
  Assets:Checking:Dagligvarer  -31.00 DKK
  Expenses:Food:Groceries  31.00 DKK

2021-12-15 * "Føtex Amagercent" "Dagligvarer" #spiir
  spiir-id: "637752398664233487"
  Assets:Checking:Dagligvarer  -60.00 DKK
  Expenses:Food:Groceries  60.00 DKK

2021-12-15 * "Silvan Kultorvet D" "Ombygning & vedligehold" #spiir
  spiir-id: "637752398664233488"
  Assets:Checking:Dagligvarer  -74.85 DKK
  Expenses:House:Renovation  74.85 DKK

2021-12-16 * "MobilePay Sandra Jørgensen" "" #spiir
  spiir-id: "637752397680131644"
  Assets:Checking:Primary  200.00 DKK
  Expenses:Uncategorized  -200.00 DKK

2021-12-16 * "Boulders Aps Valby" "Bar, cafe & restaurant" #spiir
  spiir-id: "637752397680131645"
  Assets:Checking:Primary  -25.00 DKK
  Expenses:Food:Restaurant  25.00 DKK

2021-12-16 * "Netto Valby Maskinfabrik Valby" "Dagligvarer" #spiir
  spiir-id: "637752398664233482"
  Assets:Checking:Dagligvarer  -40.00 DKK
  Expenses:Food:Groceries  40.00 DKK

2021-12-16 * "Netto Valby Maskinfabrik Valby" "Dagligvarer" #spiir
  spiir-id: "637752398664233483"
  Assets:Checking:Dagligvarer  -84.90 DKK
  Expenses:Food:Groceries  84.90 DKK

2021-12-17 * "Blue Raven" "Bar, cafe & restaurant" #spiir
  spiir-id: "637781143640647962"
  Assets:Checking:Primary  -130.00 DKK
  Expenses:Food:Restaurant  130.00 DKK

2021-12-17 * "Restaurant Theo Ap" "Bar, cafe & restaurant" #spiir
  spiir-id: "637781143640647963"
  Assets:Checking:Primary  -544.00 DKK
  Expenses:Food:Restaurant  544.00 DKK

2021-12-17 * "Democratic Coffee Bar Koebenhavn" "Bar, cafe & restaurant" #spiir
  spiir-id: "637781143642366796"
  Assets:Checking:Primary  -40.00 DKK
  Expenses:Food:Restaurant  40.00 DKK

2021-12-17 * "Falafel House Aps Kobenhavn K" "Fastfood & takeaway" #spiir
  spiir-id: "637781143642366797"
  Assets:Checking:Primary  -92.00 DKK
  Expenses:Food:Takeaway  92.00 DKK

2021-12-17 * "Friluftsland A/S" "Tøj, sko & accessories" #spiir
  spiir-id: "637781143642366798"
  Assets:Checking:Primary  -1003.00 DKK
  Expenses:Shopping:Clothing  1003.00 DKK

2021-12-17 * "Trine Wilkens" "Gaver & velgørenhed" #spiir
  spiir-id: "637781143642366799"
  Assets:Checking:Primary  -8700.00 DKK
  Expenses:Gifts  8700.00 DKK

2021-12-17 * "Netto Kirkegårdsve" "Dagligvarer" #spiir
  spiir-id: "637781143884126019"
  Assets:Checking:Dagligvarer  -67.00 DKK
  Expenses:Food:Groceries  67.00 DKK

2021-12-17 * "MobilePay: Coop App" "Dagligvarer" #spiir
  spiir-id: "637781143884126020"
  Assets:Checking:Dagligvarer  -25.95 DKK
  Expenses:Food:Groceries  25.95 DKK

2021-12-19 * "MobilePay NicecreamCPH" "Dagligvarer" #spiir
  spiir-id: "637781143640647961"
  Assets:Checking:Primary  -8.00 DKK
  Expenses:Food:Groceries  8.00 DKK

2021-12-20 * "goshopping.dk" "Møbler & boligudstyr" #spiir
  spiir-id: "637781143640647957"
  Assets:Checking:Primary  239.00 DKK
  Expenses:Shopping:Furniture  -239.00 DKK

2021-12-20 * "tipster.dk 046-3" "Bar, cafe & restaurant" #spiir
  spiir-id: "637781143640647958"
  Assets:Checking:Primary  -300.00 DKK
  Expenses:Food:Restaurant  300.00 DKK

2021-12-20 * "Rejsekort - DSB" "Bus, tog, færge o.l." #spiir
  spiir-id: "637781143640647959"
  Assets:Checking:Primary  -300.00 DKK
  Expenses:Transport:Public  300.00 DKK

2021-12-20 * "AmerSports Kokkedal" "" #spiir
  spiir-id: "637781143640647960"
  Assets:Checking:Primary  -600.00 DKK
  Expenses:Uncategorized  600.00 DKK

2021-12-20 * "Spotify" "Film, musik & læsestof" #spiir
  spiir-id: "637781143767368741"
  Assets:Checking:Fixed  -124.00 DKK
  Expenses:Entertainment:Media  124.00 DKK

2021-12-20 * "Netto Backersvej" "Dagligvarer" #spiir
  spiir-id: "637781143884126014"
  Assets:Checking:Dagligvarer  -162.95 DKK
  Expenses:Food:Groceries  162.95 DKK

2021-12-20 * "Killer Kebab" "Fastfood & takeaway" #spiir
  spiir-id: "637781143884126015"
  Assets:Checking:Dagligvarer  -214.00 DKK
  Expenses:Food:Takeaway  214.00 DKK

2021-12-20 * "Thai Supermarket A" "Dagligvarer" #spiir
  spiir-id: "637781143884126016"
  Assets:Checking:Dagligvarer  -34.00 DKK
  Expenses:Food:Groceries  34.00 DKK

2021-12-20 * "Flying Tiger Cph14" "Møbler & boligudstyr" #spiir
  spiir-id: "637781143884126017"
  Assets:Checking:Dagligvarer  -30.00 DKK
  Expenses:Shopping:Furniture  30.00 DKK

2021-12-20 * "Njal Foto Aps Koebenhavn S" "Gaver & velgørenhed" #spiir
  spiir-id: "637781143884126018"
  Assets:Checking:Dagligvarer  -69.00 DKK
  Expenses:Gifts  69.00 DKK

2021-12-21 * "Superhelten - Frederiksbe Frederi" "Gaver & velgørenhed" #spiir
  spiir-id: "637781143640647955"
  Assets:Checking:Primary  -329.95 DKK
  Expenses:Gifts  329.95 DKK

2021-12-21 * "Bahne Amager" "Tøj, sko & accessories" #spiir
  spiir-id: "637781143640647956"
  Assets:Checking:Primary  -70.05 DKK
  Expenses:Shopping:Clothing  70.05 DKK

2021-12-21 * "Coop Kvickly Stran" "Dagligvarer" #spiir
  spiir-id: "637781143884126011"
  Assets:Checking:Dagligvarer  -86.95 DKK
  Expenses:Food:Groceries  86.95 DKK

2021-12-21 * "KAFFESLABBERASEN Koebenhavn v" "Bar, cafe & restaurant" #spiir
  spiir-id: "637781143884126012"
  Assets:Checking:Dagligvarer  -38.00 DKK
  Expenses:Food:Restaurant  38.00 DKK

2021-12-21 * "Apple.Com/Bill" "Online services & software" #spiir
  spiir-id: "637781143884126013"
  Assets:Checking:Dagligvarer  -69.00 DKK
  Expenses:Subscriptions:Software  69.00 DKK

2021-12-22 * "MobilePay ZAGGIS" "Bar, cafe & restaurant" #spiir
  spiir-id: "637781143640647953"
  Assets:Checking:Primary  -40.00 DKK
  Expenses:Food:Restaurant  40.00 DKK

2021-12-22 * "kitchentime.dk Uppsala" "Gaver & velgørenhed" #spiir
  spiir-id: "637781143640647954"
  Assets:Checking:Primary  -668.00 DKK
  Expenses:Gifts  668.00 DKK

2021-12-22 * "Amager Strand Apot" "Apotek & medicin" #spiir
  spiir-id: "637781143884126010"
  Assets:Checking:Dagligvarer  -52.95 DKK
  Expenses:Health:Pharmacy  52.95 DKK

2021-12-23 * "Friluftsland A/S" "Tøj, sko & accessories" #spiir
  spiir-id: "637781143638628561"
  Assets:Checking:Primary  -239.00 DKK
  Expenses:Shopping:Clothing  239.00 DKK

2021-12-27 * "ratepension" "Pensionsopsparing" #spiir
  spiir-id: "637781143638628560"
  Assets:Checking:Primary  -49514.64 DKK
  Assets:Savings:Pension  49514.64 DKK

2021-12-27 * "BroBizz - SBF S/F" "Bus, tog, færge o.l." #spiir
  spiir-id: "637781143884126008"
  Assets:Checking:Dagligvarer  -194.00 DKK
  Expenses:Transport:Public  194.00 DKK

2021-12-27 * "Circle K Karlslund" "Brændstof" #spiir
  spiir-id: "637781143884126009"
  Assets:Checking:Dagligvarer  -40.00 DKK
  Expenses:Car:Gas  40.00 DKK

2021-12-28 * "BroBizz - SBF F/S" "Bus, tog, færge o.l." #spiir
  spiir-id: "637781143884126006"
  Assets:Checking:Dagligvarer  -194.00 DKK
  Expenses:Transport:Public  194.00 DKK

2021-12-28 * "TB Aalbek Neumuenster" "" #spiir
  spiir-id: "637781143884126007"
  Assets:Checking:Dagligvarer  -18.88 DKK
  Expenses:Uncategorized  18.88 DKK

2021-12-29 * "Xxl Nor 332 Jes Jessheim" "Hobby & sportsudstyr" #spiir
  spiir-id: "637781143638628559"
  Assets:Checking:Primary  -2485.31 DKK
  Expenses:Shopping:Sports  2485.31 DKK

2021-12-29 * "Edeka Lars Tamme Hamburg" "" #spiir
  spiir-id: "637781143884126003"
  Assets:Checking:Dagligvarer  -93.78 DKK
  Expenses:Uncategorized  93.78 DKK

2021-12-29 * "Bit Osl Gardermoen Gardermoen" "" #spiir
  spiir-id: "637781143884126004"
  Assets:Checking:Dagligvarer  -212.29 DKK
  Expenses:Uncategorized  212.29 DKK

2021-12-29 * "Press + Books 147 Hamburg" "" #spiir
  spiir-id: "637781143884126005"
  Assets:Checking:Dagligvarer  -24.46 DKK
  Expenses:Uncategorized  24.46 DKK

2021-12-30 * "3´s Kortbetaling" "Telefoni & internet" #spiir
  spiir-id: "637781143638628556"
  Assets:Checking:Primary  -151.83 DKK
  Expenses:Subscriptions:Telecom  151.83 DKK

2021-12-30 * "Duty-Free 7103-Dfa-Osl Gardermoen" "" #spiir
  spiir-id: "637781143638628557"
  Assets:Checking:Primary  -242.62 DKK
  Expenses:Uncategorized  242.62 DKK

2021-12-30 * "Lønoverførsel" "Løn" #spiir
  spiir-id: "637781143638628558"
  Assets:Checking:Primary  4171.57 DKK
  Income:Salary  -4171.57 DKK

2021-12-30 * "Rema 1000 Jessheim Jessheim" "Dagligvarer" #spiir
  spiir-id: "637781143884126000"
  Assets:Checking:Dagligvarer  -52.31 DKK
  Expenses:Food:Groceries  52.31 DKK

2021-12-30 * "Meny Jessheim Jessheim" "Dagligvarer" #spiir
  spiir-id: "637781143884126001"
  Assets:Checking:Dagligvarer  -73.04 DKK
  Expenses:Food:Groceries  73.04 DKK

2021-12-30 * "Meny Jessheim Jessheim" "Dagligvarer" #spiir
  spiir-id: "637781143884126002"
  Assets:Checking:Dagligvarer  -47.99 DKK
  Expenses:Food:Groceries  47.99 DKK

2021-12-31 * "Interest, total balance" "Udlånsrenter" #spiir
  spiir-id: "637781143638628555"
  Assets:Checking:Primary  -770.37 DKK
  Expenses:Loans:Interest  770.37 DKK

2021-12-31 * "Debit interest" "Udlånsrenter" #spiir
  spiir-id: "637781143884125999"
  Assets:Checking:Dagligvarer  -1.75 DKK
  Expenses:Loans:Interest  1.75 DKK

