; Spiir import for 2022
; Generated by import_spiir.py

2022-01-03 * "Faste Fællesudgifter" "Sundheds- & sygeforsikring" #spiir
  spiir-id: "637781143638628548"
  Assets:Checking:Primary    -500.00 DKK
  Expenses:Insurance:Health   500.00 DKK

2022-01-03 * "Kærestekonto" "Dagligvarer" #spiir
  spiir-id: "637781143638628549"
  Assets:Checking:Primary  -2000.00 DKK
  Expenses:Food:Groceries   2000.00 DKK

2022-01-03 * "Husleje" "Boliglån/husleje" #spiir
  spiir-id: "637781143638628550"
  Assets:Checking:Primary  -5000.00 DKK
  Expenses:House:Mortgage   5000.00 DKK

2022-01-03 * "Aldersopsparing" "Pensionsopsparing" #spiir
  spiir-id: "637781143638628551"
  Assets:Checking:Primary  -5300.00 DKK
  Assets:Savings:Pension    5300.00 DKK

2022-01-03 * "iCloud Fastefæll.udgifte" "Online services & software" #spiir
  spiir-id: "637781143638628552"
  Assets:Checking:Primary           69.00 DKK
  Expenses:Subscriptions:Software  -69.00 DKK

2022-01-03 * "Akademikernes A-Kasse" "Fagforening & a-kasse" #spiir
  spiir-id: "637781143638628553"
  Assets:Checking:Primary   -1401.00 DKK
  Expenses:Insurance:Union   1401.00 DKK

2022-01-03 * "Tryg" "Indbo- & familieforsikring" #spiir
  spiir-id: "637781143638628554"
  Assets:Checking:Primary            -323.69 DKK
  Expenses:House:Contents-Insurance   323.69 DKK

2022-01-03 * "Faste fællesudgifter" "Sundheds- & sygeforsikring" #spiir
  spiir-id: "637781143767368736"
  Assets:Checking:Fixed       500.00 DKK
  Expenses:Insurance:Health  -500.00 DKK

2022-01-03 * "Fast Overførsel - Patric" "" #spiir
  spiir-id: "637781143767368737"
  Assets:Checking:Fixed   500.00 DKK
  Expenses:Other         -500.00 DKK

2022-01-03 * "iCloud" "Online services & software" #spiir
  spiir-id: "637781143767368738"
  Assets:Checking:Fixed            -69.00 DKK
  Expenses:Subscriptions:Software   69.00 DKK

2022-01-03 * "Tryg" "Indbo- & familieforsikring" #spiir
  spiir-id: "637781143767368739"
  Assets:Checking:Fixed              -1664.51 DKK
  Expenses:House:Contents-Insurance   1664.51 DKK

2022-01-03 * "Tryg" "Indbo- & familieforsikring" #spiir
  spiir-id: "637781143767368740"
  Assets:Checking:Fixed              -1276.28 DKK
  Expenses:House:Contents-Insurance   1276.28 DKK

2022-01-03 * "Antivægttab" "Dagligvarer" #spiir
  spiir-id: "637781143884125997"
  Assets:Checking:Dagligvarer   2000.00 DKK
  Expenses:Food:Groceries      -2000.00 DKK

2022-01-03 * "Underminer træning.." "Dagligvarer" #spiir
  spiir-id: "637781143884125998"
  Assets:Checking:Dagligvarer   2000.00 DKK
  Expenses:Food:Groceries      -2000.00 DKK

2022-01-04 * "Parkman" "Parkering" #spiir
  spiir-id: "637781143638628545"
  Assets:Checking:Primary  -34.45 DKK
  Expenses:Car:Parking      34.45 DKK

2022-01-04 * "Cmxwww.Comixology.Com" "Film, musik & læsestof" #spiir
  spiir-id: "637781143638628546"
  Assets:Checking:Primary       -165.95 DKK
  Expenses:Entertainment:Media   165.95 DKK

2022-01-04 * "Barselsdagpenge" "Dagpenge/overførselsindkomst" #spiir
  spiir-id: "637781143638628547"
  Assets:Checking:Primary   8467.00 DKK
  Income:Unemployment      -8467.00 DKK

2022-01-04 * "telia.dk" "Telefoni & internet" #spiir
  spiir-id: "637781143767368735"
  Assets:Checking:Fixed           -249.00 DKK
  Expenses:Subscriptions:Telecom   249.00 DKK

2022-01-04 * "Coop Kvickly Stran" "Dagligvarer" #spiir
  spiir-id: "637781143884125995"
  Assets:Checking:Dagligvarer  -227.75 DKK
  Expenses:Food:Groceries       227.75 DKK

2022-01-04 * "Fakta Strandlodsve" "Dagligvarer" #spiir
  spiir-id: "637781143884125996"
  Assets:Checking:Dagligvarer  -126.00 DKK
  Expenses:Food:Groceries       126.00 DKK

2022-01-05 * "tipster.dk 067-6" "Bar, cafe & restaurant" #spiir
  spiir-id: "637781143638628543"
  Assets:Checking:Primary   -175.00 DKK
  Expenses:Food:Restaurant   175.00 DKK

2022-01-05 * "CCL Strandlodsvej" "Bar, cafe & restaurant" #spiir
  spiir-id: "637781143638628544"
  Assets:Checking:Primary   -28.00 DKK
  Expenses:Food:Restaurant   28.00 DKK

2022-01-05 * "Brobizz Ole" "Bus, tog, færge o.l." #spiir
  spiir-id: "637781143884125993"
  Assets:Checking:Dagligvarer   400.00 DKK
  Expenses:Transport:Public    -400.00 DKK

2022-01-05 * "Haugli Pizza Og Grill Brandbu" "Fastfood & takeaway" #spiir
  spiir-id: "637781143884125994"
  Assets:Checking:Dagligvarer  -400.47 DKK
  Expenses:Food:Takeaway        400.47 DKK

2022-01-06 * "MobilePay Ruth madsen" "Gaver & velgørenhed" #spiir
  spiir-id: "637781143638628541"
  Assets:Checking:Primary   500.00 DKK
  Expenses:Gifts           -500.00 DKK

2022-01-06 * "Duty-Free 7102-Dfd-Osl Gardermoen" "Ferieaktiviteter" #spiir
  spiir-id: "637781143638628542"
  Assets:Checking:Primary     -98.03 DKK
  Expenses:Travel:Activities   98.03 DKK

2022-01-07 * "The Coffee Collective Koebenhavn" "Bar, cafe & restaurant" #spiir
  spiir-id: "637781143638628540"
  Assets:Checking:Primary   -120.00 DKK
  Expenses:Food:Restaurant   120.00 DKK

2022-01-07 * "Rema 1000 Kbh., Oeresunds Koebenh" "Dagligvarer" #spiir
  spiir-id: "637781143884125990"
  Assets:Checking:Dagligvarer  -247.90 DKK
  Expenses:Food:Groceries       247.90 DKK

2022-01-07 * "Vietnams Supermarked V/Th Koebenh" "Dagligvarer" #spiir
  spiir-id: "637781143884125991"
  Assets:Checking:Dagligvarer  -308.00 DKK
  Expenses:Food:Groceries       308.00 DKK

2022-01-07 * "Frugt Og Groent Koebenhavn S" "Dagligvarer" #spiir
  spiir-id: "637781143884125992"
  Assets:Checking:Dagligvarer  -64.00 DKK
  Expenses:Food:Groceries       64.00 DKK

2022-01-08 * "MobilePay Lee Ann Hollesen" "Hobby & sportsudstyr" #spiir
  spiir-id: "637781143638628539"
  Assets:Checking:Primary    1000.00 DKK
  Expenses:Shopping:Sports  -1000.00 DKK

2022-01-09 * "MobilePay: Coop App" "Dagligvarer" #spiir
  spiir-id: "637781143884125989"
  Assets:Checking:Dagligvarer  -161.50 DKK
  Expenses:Food:Groceries       161.50 DKK

2022-01-10 * "tipster.dk 104-7" "Bar, cafe & restaurant" #spiir
  spiir-id: "637781143637541990"
  Assets:Checking:Primary   -99.00 DKK
  Expenses:Food:Restaurant   99.00 DKK

2022-01-10 * "CCL Strandlodsvej" "Bar, cafe & restaurant" #spiir
  spiir-id: "637781143638628538"
  Assets:Checking:Primary   -110.00 DKK
  Expenses:Food:Restaurant   110.00 DKK

2022-01-10 * "Frugt Og Grønt" "Dagligvarer" #spiir
  spiir-id: "637781143884125984"
  Assets:Checking:Dagligvarer  -111.00 DKK
  Expenses:Food:Groceries       111.00 DKK

2022-01-10 * "Fakta Strandlodsve" "Dagligvarer" #spiir
  spiir-id: "637781143884125985"
  Assets:Checking:Dagligvarer  -148.40 DKK
  Expenses:Food:Groceries       148.40 DKK

2022-01-10 * "Netto Backersvej Koebenhavn S" "Dagligvarer" #spiir
  spiir-id: "637781143884125986"
  Assets:Checking:Dagligvarer  -124.15 DKK
  Expenses:Food:Groceries       124.15 DKK

2022-01-10 * "Netto Backersvej Koebenhavn S" "Dagligvarer" #spiir
  spiir-id: "637781143884125987"
  Assets:Checking:Dagligvarer  -195.95 DKK
  Expenses:Food:Groceries       195.95 DKK

2022-01-10 * "Coop Kvickly Strandlodsve Koebenh" "Dagligvarer" #spiir
  spiir-id: "637781143884125988"
  Assets:Checking:Dagligvarer  -143.80 DKK
  Expenses:Food:Groceries       143.80 DKK

2022-01-11 * "Netto Backersvej" "Dagligvarer" #spiir
  spiir-id: "637781143879410072"
  Assets:Checking:Dagligvarer  -40.00 DKK
  Expenses:Food:Groceries       40.00 DKK

2022-01-11 * "Netto Backersvej" "Dagligvarer" #spiir
  spiir-id: "637781143879410073"
  Assets:Checking:Dagligvarer  -26.60 DKK
  Expenses:Food:Groceries       26.60 DKK

2022-01-11 * "Den Kinesiske Koebmand Ap Koebenh" "Dagligvarer" #spiir
  spiir-id: "637781143879557907"
  Assets:Checking:Dagligvarer  -144.45 DKK
  Expenses:Food:Groceries       144.45 DKK

2022-01-11 * "Eat Your Heart Out ApS Copenhagen" "Bar, cafe & restaurant" #spiir
  spiir-id: "637781143879557908"
  Assets:Checking:Dagligvarer  -300.00 DKK
  Expenses:Food:Restaurant      300.00 DKK

2022-01-12 * "BabySam A/S" "Babyudstyr" #spiir
  spiir-id: "637781143637541987"
  Assets:Checking:Primary  -199.95 DKK
  Expenses:Kids:Baby        199.95 DKK

2022-01-12 * "skat.dk" "Restskat" #spiir
  spiir-id: "637781143637541988"
  Assets:Checking:Primary  -34197.00 DKK
  Expenses:Tax:Back-Tax     34197.00 DKK

2022-01-12 * "SILVAN 314 eShop" "Ombygning & vedligehold" #spiir
  spiir-id: "637781143637541989"
  Assets:Checking:Primary    -118.90 DKK
  Expenses:House:Renovation   118.90 DKK

2022-01-12 * "Apple.Com/Bill" "Online services & software" #spiir
  spiir-id: "637781143879410071"
  Assets:Checking:Dagligvarer      -35.00 DKK
  Expenses:Subscriptions:Software   35.00 DKK

2022-01-13 * "MobilePay Nadja Manghezi" "Ombygning & vedligehold" #spiir
  spiir-id: "637781143637541985"
  Assets:Checking:Primary     31.00 DKK
  Expenses:House:Renovation  -31.00 DKK

2022-01-13 * "Saxo Bank ASK" "Værdipapirshandel" #spiir
  spiir-id: "637781143637541986"
  Assets:Checking:Primary     -6204.49 DKK
  Assets:Savings:Investments   6204.49 DKK

2022-01-13 * "Aldi Oest 064 Koebenhavn S" "Dagligvarer" #spiir
  spiir-id: "637781143879410070"
  Assets:Checking:Dagligvarer  -68.35 DKK
  Expenses:Food:Groceries       68.35 DKK

2022-01-14 * "1Password Toronto" "Online services & software" #spiir
  spiir-id: "637781143637541984"
  Assets:Checking:Primary          -299.84 DKK
  Expenses:Subscriptions:Software   299.84 DKK

2022-01-14 * "ALDI Øst" "Dagligvarer" #spiir
  spiir-id: "637781143879410067"
  Assets:Checking:Dagligvarer  -55.85 DKK
  Expenses:Food:Groceries       55.85 DKK

2022-01-14 * "Netto Backersvej" "Dagligvarer" #spiir
  spiir-id: "637781143879410068"
  Assets:Checking:Dagligvarer  -239.45 DKK
  Expenses:Food:Groceries       239.45 DKK

2022-01-14 * "Rema 1000 Kbh., Oeresunds Koebenh" "Dagligvarer" #spiir
  spiir-id: "637781143879410069"
  Assets:Checking:Dagligvarer  -69.95 DKK
  Expenses:Food:Groceries       69.95 DKK

2022-01-15 * "MobilePay Frederikka Hvid" "Bar, cafe & restaurant" #spiir
  spiir-id: "637781143637541983"
  Assets:Checking:Primary    80.00 DKK
  Expenses:Food:Restaurant  -80.00 DKK

2022-01-17 * "E Billet A/S" "Biograf, koncerter & forlystelser" #spiir
  spiir-id: "637781143637541977"
  Assets:Checking:Primary        -245.00 DKK
  Expenses:Entertainment:Events   245.00 DKK

2022-01-17 * "Stark K & M City" "Ombygning & vedligehold" #spiir
  spiir-id: "637781143637541978"
  Assets:Checking:Primary    -407.70 DKK
  Expenses:House:Renovation   407.70 DKK

2022-01-17 * "Coffee Collective" "Bar, cafe & restaurant" #spiir
  spiir-id: "637781143637541979"
  Assets:Checking:Primary   -163.00 DKK
  Expenses:Food:Restaurant   163.00 DKK

2022-01-17 * "AMZN Mktp DE" "" #spiir
  spiir-id: "637781143637541980"
  Assets:Checking:Primary  -1556.30 DKK
  Expenses:Other            1556.30 DKK

2022-01-17 * "Audible*TL0T52DK3 Amzn.com/bill" "Online services & software" #spiir
  spiir-id: "637781143637541981"
  Assets:Checking:Primary          -114.92 DKK
  Expenses:Subscriptions:Software   114.92 DKK

2022-01-17 * "Røverkøb A/S" "Ombygning & vedligehold" #spiir
  spiir-id: "637781143637541982"
  Assets:Checking:Primary    -89.00 DKK
  Expenses:House:Renovation   89.00 DKK

2022-01-17 * "Netto Backersvej" "Dagligvarer" #spiir
  spiir-id: "637781143879410064"
  Assets:Checking:Dagligvarer  -85.40 DKK
  Expenses:Food:Groceries       85.40 DKK

2022-01-17 * "Kvickly Sundby" "Dagligvarer" #spiir
  spiir-id: "637781143879410065"
  Assets:Checking:Dagligvarer  -46.00 DKK
  Expenses:Food:Groceries       46.00 DKK

2022-01-17 * "Netto Backersvej Koebenhavn S" "Dagligvarer" #spiir
  spiir-id: "637781143879410066"
  Assets:Checking:Dagligvarer  -120.40 DKK
  Expenses:Food:Groceries       120.40 DKK

2022-01-18 * "Dkk 119.87" "" #spiir
  spiir-id: "637781143637541973"
  Assets:Checking:Primary   119.87 DKK
  Expenses:Other           -119.87 DKK

2022-01-18 * "Eur 47.28" "" #spiir
  spiir-id: "637781143637541974"
  Assets:Checking:Primary   357.04 DKK
  Expenses:Other           -357.04 DKK

2022-01-18 * "Copenhagen Boulders Aps Koebenh" "Sport & fritid" #spiir
  spiir-id: "637781143637541975"
  Assets:Checking:Primary        -120.00 DKK
  Expenses:Entertainment:Sports   120.00 DKK

2022-01-18 * "Copenhagen Boulders Aps Koebenh" "Sport & fritid" #spiir
  spiir-id: "637781143637541976"
  Assets:Checking:Primary        -25.00 DKK
  Expenses:Entertainment:Sports   25.00 DKK

2022-01-18 * "ZTL*Norrebro Kolonial Aps Sejero" "Dagligvarer" #spiir
  spiir-id: "637781143879410060"
  Assets:Checking:Dagligvarer  -272.00 DKK
  Expenses:Food:Groceries       272.00 DKK

2022-01-18 * "Frugt Og Groent Koebenhavn S" "Dagligvarer" #spiir
  spiir-id: "637781143879410061"
  Assets:Checking:Dagligvarer  -11.00 DKK
  Expenses:Food:Groceries       11.00 DKK

2022-01-18 * "Aldi Oest 064 Koebenhavn S" "Dagligvarer" #spiir
  spiir-id: "637781143879410062"
  Assets:Checking:Dagligvarer  -197.10 DKK
  Expenses:Food:Groceries       197.10 DKK

2022-01-18 * "LIDL Koebenhavn s" "Dagligvarer" #spiir
  spiir-id: "637781143879410063"
  Assets:Checking:Dagligvarer  -89.95 DKK
  Expenses:Food:Groceries       89.95 DKK

2022-01-18 * "Til Kærestekonto" "Dagligvarer" #spiir
  spiir-id: "637781555773462103"
  Assets:Checking:Primary  -500.00 DKK
  Expenses:Food:Groceries   500.00 DKK

2022-01-18 * "Bornholmslinjen Ap" "Bus, tog, færge o.l." #spiir
  spiir-id: "637781555773462104"
  Assets:Checking:Primary    -698.00 DKK
  Expenses:Transport:Public   698.00 DKK

2022-01-18 * "Amager Strand Apot" "Apotek & medicin" #spiir
  spiir-id: "637781555773462105"
  Assets:Checking:Primary   -46.40 DKK
  Expenses:Health:Pharmacy   46.40 DKK

2022-01-18 * "SodaStream" "" #spiir
  spiir-id: "637781556015187672"
  Assets:Checking:Dagligvarer   80.00 DKK
  Expenses:Other               -80.00 DKK

2022-01-18 * "Fra Primary" "Dagligvarer" #spiir
  spiir-id: "637781556015187673"
  Assets:Checking:Dagligvarer   500.00 DKK
  Expenses:Food:Groceries      -500.00 DKK

2022-01-18 * "Fra Lee Ann Hollesen" "Dagligvarer" #spiir
  spiir-id: "637781556015187674"
  Assets:Checking:Dagligvarer   500.00 DKK
  Expenses:Food:Groceries      -500.00 DKK

2022-01-18 * "Coop Kvickly Stran" "Dagligvarer" #spiir
  spiir-id: "637781556015187675"
  Assets:Checking:Dagligvarer  -142.75 DKK
  Expenses:Food:Groceries       142.75 DKK

2022-01-19 * "Spotify" "Film, musik & læsestof" #spiir
  spiir-id: "637781808217483790"
  Assets:Checking:Fixed         -124.00 DKK
  Expenses:Entertainment:Media   124.00 DKK

2022-01-19 * "Apple.Com/Bill" "Online services & software" #spiir
  spiir-id: "637781808415113200"
  Assets:Checking:Dagligvarer      -69.00 DKK
  Expenses:Subscriptions:Software   69.00 DKK

2022-01-20 * "MobilePay Orion Madsen" "Gaver & velgørenhed" #spiir
  spiir-id: "637782627845267287"
  Assets:Checking:Primary   125.00 DKK
  Expenses:Gifts           -125.00 DKK

2022-01-20 * "Mes/Meille Copenhagen" "Bar, cafe & restaurant" #spiir
  spiir-id: "637782627845267288"
  Assets:Checking:Primary   -300.00 DKK
  Expenses:Food:Restaurant   300.00 DKK

2022-01-20 * "Børne- og Ungeydelse" "Børnepenge" #spiir
  spiir-id: "637782627845267289"
  Assets:Checking:Primary   2327.00 DKK
  Income:ChildBenefit      -2327.00 DKK

2022-01-21 * "Empire Bio A/S" "Biograf, koncerter & forlystelser" #spiir
  spiir-id: "637783485605878341"
  Assets:Checking:Primary        -97.06 DKK
  Expenses:Entertainment:Events   97.06 DKK

2022-01-21 * "Coop App 9UY3F" "Dagligvarer" #spiir
  spiir-id: "637784349875124764"
  Assets:Checking:Dagligvarer  -12.00 DKK
  Expenses:Food:Groceries       12.00 DKK

2022-01-22 * "Børneopsparing" "Børneopsparing" #spiir
  spiir-id: "637784580528577187"
  Assets:Checking:Primary  -2327.00 DKK
  Assets:Savings:Children   2327.00 DKK

2022-01-22 * "ratepension" "Pensionsopsparing" #spiir
  spiir-id: "637784580528577188"
  Assets:Checking:Primary  -1573.00 DKK
  Assets:Savings:Pension    1573.00 DKK

2022-01-23 * "MobilePay Orion Madsen" "Gaver & velgørenhed" #spiir
  spiir-id: "637786065521818112"
  Assets:Checking:Primary   2750.00 DKK
  Expenses:Gifts           -2750.00 DKK

2022-01-24 * "MobilePay" "Elektronik & computerudstyr" #spiir
  spiir-id: "637786065521818110"
  Assets:Checking:Primary        -5500.00 DKK
  Expenses:Shopping:Electronics   5500.00 DKK

2022-01-24 * "Brus Aps Kobenhavn N" "Bar, cafe & restaurant" #spiir
  spiir-id: "637786065521818111"
  Assets:Checking:Primary   -130.00 DKK
  Expenses:Food:Restaurant   130.00 DKK

2022-01-24 * "Vietnams Supermark" "Dagligvarer" #spiir
  spiir-id: "637786066564661377"
  Assets:Checking:Dagligvarer  -683.00 DKK
  Expenses:Food:Groceries       683.00 DKK

2022-01-24 * "Netto Backersvej" "Dagligvarer" #spiir
  spiir-id: "637786066564661378"
  Assets:Checking:Dagligvarer  -193.90 DKK
  Expenses:Food:Groceries       193.90 DKK

2022-01-24 * "Netto Backersvej" "Dagligvarer" #spiir
  spiir-id: "637786066564661379"
  Assets:Checking:Dagligvarer  -122.35 DKK
  Expenses:Food:Groceries       122.35 DKK

2022-01-24 * "Coop App A2M71" "Dagligvarer" #spiir
  spiir-id: "637786066564661380"
  Assets:Checking:Dagligvarer  -228.10 DKK
  Expenses:Food:Groceries       228.10 DKK

2022-01-24 * "Rema 1000 Kbh., Oeresunds Koebenh" "Dagligvarer" #spiir
  spiir-id: "637786066564661381"
  Assets:Checking:Dagligvarer  -110.65 DKK
  Expenses:Food:Groceries       110.65 DKK

2022-01-24 * "Vietnams Supermarked V/Th Koebenh" "Dagligvarer" #spiir
  spiir-id: "637786066564661382"
  Assets:Checking:Dagligvarer  -142.00 DKK
  Expenses:Food:Groceries       142.00 DKK

2022-01-24 * "Fra Lee Ann Hollesen" "Dagligvarer" #spiir
  spiir-id: "637786897824695914"
  Assets:Checking:Dagligvarer   500.00 DKK
  Expenses:Food:Groceries      -500.00 DKK

2022-01-25 * "Beta Boulders Copenhagen Vanloes" "Sport & fritid" #spiir
  spiir-id: "637786896847162134"
  Assets:Checking:Primary        -30.00 DKK
  Expenses:Entertainment:Sports   30.00 DKK

2022-01-25 * "Netto Backersvej" "Dagligvarer" #spiir
  spiir-id: "637787766960875584"
  Assets:Checking:Dagligvarer  -183.40 DKK
  Expenses:Food:Groceries       183.40 DKK

2022-01-26 * "tipster.dk 215-5" "Bar, cafe & restaurant" #spiir
  spiir-id: "637788184846727566"
  Assets:Checking:Primary   -300.00 DKK
  Expenses:Food:Restaurant   300.00 DKK

2022-01-27 * "Barselsdagpenge" "Dagpenge/overførselsindkomst" #spiir
  spiir-id: "637788718135686243"
  Assets:Checking:Primary   12399.00 DKK
  Income:Unemployment      -12399.00 DKK

2022-01-27 * "Til Kærestekonto" "Dagligvarer" #spiir
  spiir-id: "637789524436646397"
  Assets:Checking:Primary  -500.00 DKK
  Expenses:Food:Groceries   500.00 DKK

2022-01-27 * "Fra Primary" "Dagligvarer" #spiir
  spiir-id: "637789525955490631"
  Assets:Checking:Dagligvarer   500.00 DKK
  Expenses:Food:Groceries      -500.00 DKK

2022-01-28 * "Coop365Bremensgade" "Dagligvarer" #spiir
  spiir-id: "637790352601812087"
  Assets:Checking:Dagligvarer  -89.30 DKK
  Expenses:Food:Groceries       89.30 DKK

2022-01-28 * "BabySam A/S" "Babyudstyr" #spiir
  spiir-id: "637790352601812088"
  Assets:Checking:Dagligvarer   172.46 DKK
  Expenses:Kids:Baby           -172.46 DKK

2022-01-29 * "MobilePay Tina Jensen" "Gaver & velgørenhed" #spiir
  spiir-id: "637791253259353089"
  Assets:Checking:Primary   500.00 DKK
  Expenses:Gifts           -500.00 DKK

2022-01-31 * "Lønoverførsel" "Løn" #spiir
  spiir-id: "637792184910826643"
  Assets:Checking:Primary   20460.02 DKK
  Income:Salary            -20460.02 DKK

2022-01-31 * "Vietnams Supermark" "Dagligvarer" #spiir
  spiir-id: "637792187404320281"
  Assets:Checking:Dagligvarer  -275.00 DKK
  Expenses:Food:Groceries       275.00 DKK

2022-01-31 * "Føtex Amagercent" "Dagligvarer" #spiir
  spiir-id: "637792187404320282"
  Assets:Checking:Dagligvarer  -154.75 DKK
  Expenses:Food:Groceries       154.75 DKK

2022-01-31 * "Coop Kvickly Stran" "Dagligvarer" #spiir
  spiir-id: "637792187404320283"
  Assets:Checking:Dagligvarer  -180.65 DKK
  Expenses:Food:Groceries       180.65 DKK

2022-02-01 * "Tryg" "Indbo- & familieforsikring" #spiir
  spiir-id: "637792996728458696"
  Assets:Checking:Primary            -283.69 DKK
  Expenses:House:Contents-Insurance   283.69 DKK

2022-02-01 * "Faste Fællesudgifter" "Sundheds- & sygeforsikring" #spiir
  spiir-id: "637792996728458697"
  Assets:Checking:Primary    -500.00 DKK
  Expenses:Insurance:Health   500.00 DKK

2022-02-01 * "Kærestekonto" "Dagligvarer" #spiir
  spiir-id: "637792996728458698"
  Assets:Checking:Primary  -2000.00 DKK
  Expenses:Food:Groceries   2000.00 DKK

2022-02-01 * "Husleje" "Boliglån/husleje" #spiir
  spiir-id: "637792996728458699"
  Assets:Checking:Primary  -5000.00 DKK
  Expenses:House:Mortgage   5000.00 DKK

2022-02-01 * "iCloud Fastefæll.udgifte" "Online services & software" #spiir
  spiir-id: "637792996728458700"
  Assets:Checking:Primary           69.00 DKK
  Expenses:Subscriptions:Software  -69.00 DKK

2022-02-01 * "Tryg" "Indbo- & familieforsikring" #spiir
  spiir-id: "637792997339570322"
  Assets:Checking:Fixed              -772.94 DKK
  Expenses:House:Contents-Insurance   772.94 DKK

2022-02-01 * "Tryg" "Indbo- & familieforsikring" #spiir
  spiir-id: "637792997339570323"
  Assets:Checking:Fixed              -539.26 DKK
  Expenses:House:Contents-Insurance   539.26 DKK

2022-02-01 * "Faste fællesudgifter" "Sundheds- & sygeforsikring" #spiir
  spiir-id: "637792997339570324"
  Assets:Checking:Fixed       500.00 DKK
  Expenses:Insurance:Health  -500.00 DKK

2022-02-01 * "Fast Overførsel - Patric" "" #spiir
  spiir-id: "637792997339570325"
  Assets:Checking:Fixed   500.00 DKK
  Expenses:Other         -500.00 DKK

2022-02-01 * "iCloud" "Online services & software" #spiir
  spiir-id: "637792997339570326"
  Assets:Checking:Fixed            -69.00 DKK
  Expenses:Subscriptions:Software   69.00 DKK

2022-02-01 * "Apple.Com/Bill Cork" "Online services & software" #spiir
  spiir-id: "637792998243371498"
  Assets:Checking:Dagligvarer      -17.00 DKK
  Expenses:Subscriptions:Software   17.00 DKK

2022-02-01 * "Antivægttab" "Dagligvarer" #spiir
  spiir-id: "637792998243371499"
  Assets:Checking:Dagligvarer   2000.00 DKK
  Expenses:Food:Groceries      -2000.00 DKK

2022-02-01 * "Underminer træning.." "Dagligvarer" #spiir
  spiir-id: "637792998243371500"
  Assets:Checking:Dagligvarer   2000.00 DKK
  Expenses:Food:Groceries      -2000.00 DKK

2022-02-01 * "MobilePay Ruth madsen" "Gaver & velgørenhed" #spiir
  spiir-id: "637793881302828036"
  Assets:Checking:Primary   500.00 DKK
  Expenses:Gifts           -500.00 DKK

2022-02-02 * "telia.dk" "Telefoni & internet" #spiir
  spiir-id: "637793881992392228"
  Assets:Checking:Fixed           -249.00 DKK
  Expenses:Subscriptions:Telecom   249.00 DKK

2022-02-02 * "Aldi Oest 064 Koebenhavn S" "Dagligvarer" #spiir
  spiir-id: "637793882764775799"
  Assets:Checking:Dagligvarer  -119.05 DKK
  Expenses:Food:Groceries       119.05 DKK

2022-02-02 * "tipster.dk 246-9" "Bar, cafe & restaurant" #spiir
  spiir-id: "637794709422002727"
  Assets:Checking:Primary   -95.00 DKK
  Expenses:Food:Restaurant   95.00 DKK

2022-02-02 * "ALDI Øst" "Dagligvarer" #spiir
  spiir-id: "637794710807349871"
  Assets:Checking:Dagligvarer  -39.60 DKK
  Expenses:Food:Groceries       39.60 DKK

2022-02-02 * "Netto Backersvej" "Dagligvarer" #spiir
  spiir-id: "637794710807349872"
  Assets:Checking:Dagligvarer  -62.95 DKK
  Expenses:Food:Groceries       62.95 DKK

2022-02-02 * "Coop Kvickly Stran" "Dagligvarer" #spiir
  spiir-id: "637794710807349873"
  Assets:Checking:Dagligvarer  -140.90 DKK
  Expenses:Food:Groceries       140.90 DKK

2022-02-03 * "Det Lille Vinhjoerne Koebenhavn S" "Dagligvarer" #spiir
  spiir-id: "637794710807349870"
  Assets:Checking:Dagligvarer  -30.00 DKK
  Expenses:Food:Groceries       30.00 DKK

2022-02-04 * "Saitip Thai Market Koebenhavn S" "Fastfood & takeaway" #spiir
  spiir-id: "637795607688446955"
  Assets:Checking:Dagligvarer  -40.00 DKK
  Expenses:Food:Takeaway        40.00 DKK

2022-02-04 * "Jaffa Frugt Og Kobenhavn S" "" #spiir
  spiir-id: "637795607688446956"
  Assets:Checking:Dagligvarer  -72.00 DKK
  Expenses:Other                72.00 DKK

2022-02-04 * "Ume Asia Supermarket Kobenhavn S" "Dagligvarer" #spiir
  spiir-id: "637795607688446957"
  Assets:Checking:Dagligvarer  -1.00 DKK
  Expenses:Food:Groceries       1.00 DKK

2022-02-04 * "Ume Asia Supermarket Kobenhavn S" "Dagligvarer" #spiir
  spiir-id: "637795607688446958"
  Assets:Checking:Dagligvarer  -366.50 DKK
  Expenses:Food:Groceries       366.50 DKK

2022-02-04 * "Netto Backersvej" "Dagligvarer" #spiir
  spiir-id: "637796449440642859"
  Assets:Checking:Dagligvarer  -71.00 DKK
  Expenses:Food:Groceries       71.00 DKK

2022-02-07 * "Brdr. Simonsen ApS" "Tøj, sko & accessories" #spiir
  spiir-id: "637798218086335849"
  Assets:Checking:Primary     -225.00 DKK
  Expenses:Shopping:Clothing   225.00 DKK

2022-02-07 * "Ida Ingeniørfore. i Danm" "Fagforening & a-kasse" #spiir
  spiir-id: "637798218086335852"
  Assets:Checking:Primary   -878.25 DKK
  Expenses:Insurance:Union   878.25 DKK

2022-02-07 * "Taste of Taiwan R" "Fastfood & takeaway" #spiir
  spiir-id: "637798218086335853"
  Assets:Checking:Primary  -88.00 DKK
  Expenses:Food:Takeaway    88.00 DKK

2022-02-07 * "ALDI Øst" "Dagligvarer" #spiir
  spiir-id: "637798219684395590"
  Assets:Checking:Dagligvarer  -16.00 DKK
  Expenses:Food:Groceries       16.00 DKK

2022-02-07 * "Netto Jernbn A" "Dagligvarer" #spiir
  spiir-id: "637798219684395591"
  Assets:Checking:Dagligvarer  -493.00 DKK
  Expenses:Food:Groceries       493.00 DKK

2022-02-07 * "Beta Boulders Cope" "Sport & fritid" #spiir
  spiir-id: "637798219684520735"
  Assets:Checking:Dagligvarer    -100.00 DKK
  Expenses:Entertainment:Sports   100.00 DKK

2022-02-07 * "Beta Boulders Cope" "Sport & fritid" #spiir
  spiir-id: "637798219684520736"
  Assets:Checking:Dagligvarer    -155.00 DKK
  Expenses:Entertainment:Sports   155.00 DKK

2022-02-07 * "Netto Backersvej Koebenhavn S" "Dagligvarer" #spiir
  spiir-id: "637798219684520737"
  Assets:Checking:Dagligvarer  -83.45 DKK
  Expenses:Food:Groceries       83.45 DKK

2022-02-07 * "Cinda Aps Kobenhavn S" "Dagligvarer" #spiir
  spiir-id: "637798219684520738"
  Assets:Checking:Dagligvarer  -79.00 DKK
  Expenses:Food:Groceries       79.00 DKK

2022-02-07 * "Fakta Bremensgade Koebenhavn S" "Dagligvarer" #spiir
  spiir-id: "637798219684520739"
  Assets:Checking:Dagligvarer  -212.79 DKK
  Expenses:Food:Groceries       212.79 DKK

2022-02-07 * "Foetex Amager Centret Koebenhavn" "Dagligvarer" #spiir
  spiir-id: "637798219684520740"
  Assets:Checking:Dagligvarer  -90.85 DKK
  Expenses:Food:Groceries       90.85 DKK

2022-02-08 * "Hs S Bronshoj" "Bar, cafe & restaurant" #spiir
  spiir-id: "637799044018978750"
  Assets:Checking:Primary   -30.00 DKK
  Expenses:Food:Restaurant   30.00 DKK

2022-02-08 * "Eur 47.26" "" #spiir
  spiir-id: "637799498739263116"
  Assets:Checking:Primary   356.90 DKK
  Expenses:Other           -356.90 DKK

2022-02-10 * "ZTL*Kaf? Bar Kobenhavn K" "Bar, cafe & restaurant" #spiir
  spiir-id: "637800764920940785"
  Assets:Checking:Primary   -56.00 DKK
  Expenses:Food:Restaurant   56.00 DKK

2022-02-10 * "Parkman" "Parkering" #spiir
  spiir-id: "637800764920940786"
  Assets:Checking:Primary  -51.49 DKK
  Expenses:Car:Parking      51.49 DKK

2022-02-10 * "Selvbetjening/Ivr Kobenhavn" "Telefoni & internet" #spiir
  spiir-id: "637800764920940787"
  Assets:Checking:Primary         -138.03 DKK
  Expenses:Subscriptions:Telecom   138.03 DKK

2022-02-14 * "Netto Backersvej" "Dagligvarer" #spiir
  spiir-id: "637804256443301994"
  Assets:Checking:Dagligvarer  -55.90 DKK
  Expenses:Food:Groceries       55.90 DKK

2022-02-14 * "REMA 1000 Ørestad" "Dagligvarer" #spiir
  spiir-id: "637804256443301995"
  Assets:Checking:Dagligvarer  -49.90 DKK
  Expenses:Food:Groceries       49.90 DKK

2022-02-14 * "Wanlong Asian Mark" "Dagligvarer" #spiir
  spiir-id: "637804256443301996"
  Assets:Checking:Dagligvarer  -106.00 DKK
  Expenses:Food:Groceries       106.00 DKK

2022-02-14 * "Coop Kvickly Stran" "Dagligvarer" #spiir
  spiir-id: "637804256443301997"
  Assets:Checking:Dagligvarer  -222.85 DKK
  Expenses:Food:Groceries       222.85 DKK

2022-02-14 * "ALDI Øst" "Dagligvarer" #spiir
  spiir-id: "637804256443301998"
  Assets:Checking:Dagligvarer  -19.85 DKK
  Expenses:Food:Groceries       19.85 DKK

2022-02-14 * "Fakta Strandlodsve" "Dagligvarer" #spiir
  spiir-id: "637804256443301999"
  Assets:Checking:Dagligvarer  -377.80 DKK
  Expenses:Food:Groceries       377.80 DKK

2022-02-14 * "Andersen Bakery Koebenhavn s" "Kiosk, bager & specialbutikker" #spiir
  spiir-id: "637804256443302000"
  Assets:Checking:Dagligvarer  -4.00 DKK
  Expenses:Food:Kiosk           4.00 DKK

2022-02-14 * "Andersen Bakery Koebenhavn s" "Kiosk, bager & specialbutikker" #spiir
  spiir-id: "637804256443302001"
  Assets:Checking:Dagligvarer  -83.00 DKK
  Expenses:Food:Kiosk           83.00 DKK

2022-02-14 * "Apple.Com/Bill" "Online services & software" #spiir
  spiir-id: "637804256443458262"
  Assets:Checking:Dagligvarer      -35.00 DKK
  Expenses:Subscriptions:Software   35.00 DKK

2022-02-14 * "Den Kinesiske Købm" "Dagligvarer" #spiir
  spiir-id: "637804256443458263"
  Assets:Checking:Dagligvarer  -196.00 DKK
  Expenses:Food:Groceries       196.00 DKK

2022-02-14 * "Den Kinesiske Købm" "Dagligvarer" #spiir
  spiir-id: "637804256443458264"
  Assets:Checking:Dagligvarer  -148.00 DKK
  Expenses:Food:Groceries       148.00 DKK

2022-02-15 * "Vietnams Supermarked Kobenhavn S" "Dagligvarer" #spiir
  spiir-id: "637805072014823278"
  Assets:Checking:Dagligvarer  -181.15 DKK
  Expenses:Food:Groceries       181.15 DKK

2022-02-15 * "tipster.dk 356-6" "Bar, cafe & restaurant" #spiir
  spiir-id: "637805936319698661"
  Assets:Checking:Primary   -160.00 DKK
  Expenses:Food:Restaurant   160.00 DKK

2022-02-16 * "MobilePay Orion Madsen" "Gaver & velgørenhed" #spiir
  spiir-id: "637806811310834619"
  Assets:Checking:Primary   530.00 DKK
  Expenses:Gifts           -530.00 DKK

2022-02-17 * "Ølbaren" "Bar, cafe & restaurant" #spiir
  spiir-id: "637807645507932074"
  Assets:Checking:Primary   -70.00 DKK
  Expenses:Food:Restaurant   70.00 DKK

2022-02-17 * "Ølbaren" "Bar, cafe & restaurant" #spiir
  spiir-id: "637807645507932075"
  Assets:Checking:Primary   -60.00 DKK
  Expenses:Food:Restaurant   60.00 DKK

2022-02-17 * "MobilePay Lauge Jepsen" "Tobak & alkohol" #spiir
  spiir-id: "637807645507932076"
  Assets:Checking:Primary   180.00 DKK
  Expenses:Food:Alcohol    -180.00 DKK

2022-02-18 * "Ølbaren" "Bar, cafe & restaurant" #spiir
  spiir-id: "637807645507932071"
  Assets:Checking:Primary   -130.00 DKK
  Expenses:Food:Restaurant   130.00 DKK

2022-02-18 * "Mexican Ranger ApS" "Fastfood & takeaway" #spiir
  spiir-id: "637807645507932072"
  Assets:Checking:Primary  -396.93 DKK
  Expenses:Food:Takeaway    396.93 DKK

2022-02-18 * "Ølbaren" "Bar, cafe & restaurant" #spiir
  spiir-id: "637807645507932073"
  Assets:Checking:Primary   -65.00 DKK
  Expenses:Food:Restaurant   65.00 DKK

2022-02-18 * "Aldi Oest 087 Koebenhavn S" "Dagligvarer" #spiir
  spiir-id: "637807647835231701"
  Assets:Checking:Dagligvarer  -9.50 DKK
  Expenses:Food:Groceries       9.50 DKK

2022-02-18 * "Bonus 300 Skodborg" "Brændstof" #spiir
  spiir-id: "637808529759221169"
  Assets:Checking:Dagligvarer  -510.44 DKK
  Expenses:Car:Gas              510.44 DKK

2022-02-19 * "Til Kærestekonto" "Dagligvarer" #spiir
  spiir-id: "637809393868454727"
  Assets:Checking:Primary  -500.00 DKK
  Expenses:Food:Groceries   500.00 DKK

2022-02-19 * "Fra Primary" "Dagligvarer" #spiir
  spiir-id: "637809394665671737"
  Assets:Checking:Dagligvarer   500.00 DKK
  Expenses:Food:Groceries      -500.00 DKK

2022-02-19 * "Fra Lee Ann Hollesen" "Dagligvarer" #spiir
  spiir-id: "637809394665671738"
  Assets:Checking:Dagligvarer   500.00 DKK
  Expenses:Food:Groceries      -500.00 DKK

2022-02-21 * "Pompei Ribe ApS" "Kiosk, bager & specialbutikker" #spiir
  spiir-id: "637810260656009496"
  Assets:Checking:Primary  -121.00 DKK
  Expenses:Food:Kiosk       121.00 DKK

2022-02-21 * "Ribe Bryghus ApS" "Bar, cafe & restaurant" #spiir
  spiir-id: "637810260656009497"
  Assets:Checking:Primary   -170.00 DKK
  Expenses:Food:Restaurant   170.00 DKK

2022-02-21 * "Ribe Bryghus ApS" "Bar, cafe & restaurant" #spiir
  spiir-id: "637810260656009498"
  Assets:Checking:Primary   -120.00 DKK
  Expenses:Food:Restaurant   120.00 DKK

2022-02-21 * "Genbrug Folkekirke" "Tøj, sko & accessories" #spiir
  spiir-id: "637810260656137300"
  Assets:Checking:Primary     -58.00 DKK
  Expenses:Shopping:Clothing   58.00 DKK

2022-02-21 * "7-Eleven B" "Kiosk, bager & specialbutikker" #spiir
  spiir-id: "637810260656137301"
  Assets:Checking:Primary  -30.00 DKK
  Expenses:Food:Kiosk       30.00 DKK

2022-02-21 * "Beta Boulders Copenhagen Vanloes" "Sport & fritid" #spiir
  spiir-id: "637810260656137302"
  Assets:Checking:Primary        -40.00 DKK
  Expenses:Entertainment:Sports   40.00 DKK

2022-02-21 * "Spotify" "Film, musik & læsestof" #spiir
  spiir-id: "637810261619621740"
  Assets:Checking:Fixed         -124.00 DKK
  Expenses:Entertainment:Media   124.00 DKK

2022-02-21 * "Kvickly Ribe" "Dagligvarer" #spiir
  spiir-id: "637810262244646393"
  Assets:Checking:Dagligvarer  -58.80 DKK
  Expenses:Food:Groceries       58.80 DKK

2022-02-21 * "Apple.Com/Bill" "Online services & software" #spiir
  spiir-id: "637810262244646394"
  Assets:Checking:Dagligvarer      -69.00 DKK
  Expenses:Subscriptions:Software   69.00 DKK

2022-02-21 * "BroBizz - SBF F/S" "Bus, tog, færge o.l." #spiir
  spiir-id: "637811090068239853"
  Assets:Checking:Dagligvarer  -339.00 DKK
  Expenses:Transport:Public     339.00 DKK

2022-02-21 * "Netto Backersvej" "Dagligvarer" #spiir
  spiir-id: "637811090068239854"
  Assets:Checking:Dagligvarer  -139.20 DKK
  Expenses:Food:Groceries       139.20 DKK

2022-02-22 * "McDonalds Nyborg Nyborg" "Fastfood & takeaway" #spiir
  spiir-id: "637811088598193127"
  Assets:Checking:Primary  -34.00 DKK
  Expenses:Food:Takeaway    34.00 DKK

2022-02-22 * "McDonalds Nyborg Nyborg" "Fastfood & takeaway" #spiir
  spiir-id: "637811090068239852"
  Assets:Checking:Dagligvarer  -110.00 DKK
  Expenses:Food:Takeaway        110.00 DKK

2022-02-22 * "Netto Backersvej" "Dagligvarer" #spiir
  spiir-id: "637811992777961132"
  Assets:Checking:Dagligvarer  -165.95 DKK
  Expenses:Food:Groceries       165.95 DKK

2022-02-23 * "Netto Backersvej" "Dagligvarer" #spiir
  spiir-id: "637812877702648105"
  Assets:Checking:Dagligvarer  -124.20 DKK
  Expenses:Food:Groceries       124.20 DKK

2022-02-23 * "Fra Lee Ann Hollesen" "Dagligvarer" #spiir
  spiir-id: "637812877702648106"
  Assets:Checking:Dagligvarer   500.00 DKK
  Expenses:Food:Groceries      -500.00 DKK

2022-02-25 * "Dsb" "Bøder & afgifter" #spiir
  spiir-id: "637813732837593947"
  Assets:Checking:Primary  -300.00 DKK
  Expenses:Tax:Fines        300.00 DKK

2022-02-25 * "Til Kærestekonto" "Dagligvarer" #spiir
  spiir-id: "637814602095770186"
  Assets:Checking:Primary  -500.00 DKK
  Expenses:Food:Groceries   500.00 DKK

2022-02-25 * "Fra Primary" "Dagligvarer" #spiir
  spiir-id: "637814603451291822"
  Assets:Checking:Dagligvarer   500.00 DKK
  Expenses:Food:Groceries      -500.00 DKK

2022-02-25 * "Coop App F7IT9" "Dagligvarer" #spiir
  spiir-id: "637814603451291823"
  Assets:Checking:Dagligvarer  -123.40 DKK
  Expenses:Food:Groceries       123.40 DKK

2022-02-27 * "MobilePay: Coop App" "Dagligvarer" #spiir
  spiir-id: "637816339257055151"
  Assets:Checking:Dagligvarer  -88.90 DKK
  Expenses:Food:Groceries       88.90 DKK

2022-02-28 * "Boulders ApS" "Sport & fritid" #spiir
  spiir-id: "637816335690180082"
  Assets:Checking:Primary        -20.00 DKK
  Expenses:Entertainment:Sports   20.00 DKK

2022-02-28 * "Ello Food ApS" "Dagligvarer" #spiir
  spiir-id: "637816335690180083"
  Assets:Checking:Primary  -35.00 DKK
  Expenses:Food:Groceries   35.00 DKK

2022-02-28 * "Netto Jernbn A" "Dagligvarer" #spiir
  spiir-id: "637816339257055147"
  Assets:Checking:Dagligvarer  -146.80 DKK
  Expenses:Food:Groceries       146.80 DKK

2022-02-28 * "Ello Food ApS" "Dagligvarer" #spiir
  spiir-id: "637816339257055148"
  Assets:Checking:Dagligvarer  -42.50 DKK
  Expenses:Food:Groceries       42.50 DKK

2022-02-28 * "Netto Backersvej" "Dagligvarer" #spiir
  spiir-id: "637816339257055149"
  Assets:Checking:Dagligvarer  -67.90 DKK
  Expenses:Food:Groceries       67.90 DKK

2022-02-28 * "Kvickly Sundby Koebenhavn S" "Dagligvarer" #spiir
  spiir-id: "637816339257055150"
  Assets:Checking:Dagligvarer  -26.00 DKK
  Expenses:Food:Groceries       26.00 DKK

2022-02-28 * "3´s Kortbetaling" "Telefoni & internet" #spiir
  spiir-id: "637817194408940546"
  Assets:Checking:Primary         -289.77 DKK
  Expenses:Subscriptions:Telecom   289.77 DKK

2022-02-28 * "Bootleggers Amager" "Bar, cafe & restaurant" #spiir
  spiir-id: "637817194408940547"
  Assets:Checking:Primary   -40.00 DKK
  Expenses:Food:Restaurant   40.00 DKK

2022-02-28 * "Bootleggers Amager" "Bar, cafe & restaurant" #spiir
  spiir-id: "637817194408940548"
  Assets:Checking:Primary   -40.00 DKK
  Expenses:Food:Restaurant   40.00 DKK

2022-02-28 * "Bootleggers Amager" "Bar, cafe & restaurant" #spiir
  spiir-id: "637817194408940549"
  Assets:Checking:Primary   -40.00 DKK
  Expenses:Food:Restaurant   40.00 DKK

2022-02-28 * "Bootleggers Amager" "Bar, cafe & restaurant" #spiir
  spiir-id: "637817194408940550"
  Assets:Checking:Primary   -65.00 DKK
  Expenses:Food:Restaurant   65.00 DKK

2022-02-28 * "DSB 7-Eleven Vanlø" "Kiosk, bager & specialbutikker" #spiir
  spiir-id: "637817197002460055"
  Assets:Checking:Dagligvarer  -21.50 DKK
  Expenses:Food:Kiosk           21.50 DKK

2022-03-01 * "Wulff & Konstali Food Sho Koebenh" "Bar, cafe & restaurant" #spiir
  spiir-id: "637817194408940538"
  Assets:Checking:Primary   -65.00 DKK
  Expenses:Food:Restaurant   65.00 DKK

2022-03-01 * "Boulders Aps Valby" "Bar, cafe & restaurant" #spiir
  spiir-id: "637817194408940539"
  Assets:Checking:Primary   -20.00 DKK
  Expenses:Food:Restaurant   20.00 DKK

2022-03-01 * "Tryg" "Indbo- & familieforsikring" #spiir
  spiir-id: "637817194408940540"
  Assets:Checking:Primary            -283.69 DKK
  Expenses:House:Contents-Insurance   283.69 DKK

2022-03-01 * "Faste Fællesudgifter" "Sundheds- & sygeforsikring" #spiir
  spiir-id: "637817194408940541"
  Assets:Checking:Primary    -500.00 DKK
  Expenses:Insurance:Health   500.00 DKK

2022-03-01 * "Kærestekonto" "Dagligvarer" #spiir
  spiir-id: "637817194408940542"
  Assets:Checking:Primary  -2000.00 DKK
  Expenses:Food:Groceries   2000.00 DKK

2022-03-01 * "Husleje" "Boliglån/husleje" #spiir
  spiir-id: "637817194408940543"
  Assets:Checking:Primary  -5000.00 DKK
  Expenses:House:Mortgage   5000.00 DKK

2022-03-01 * "iCloud Fastefæll.udgifte" "Online services & software" #spiir
  spiir-id: "637817194408940544"
  Assets:Checking:Primary           69.00 DKK
  Expenses:Subscriptions:Software  -69.00 DKK

2022-03-01 * "Lønoverførsel" "Løn" #spiir
  spiir-id: "637817194408940545"
  Assets:Checking:Primary   36174.33 DKK
  Income:Salary            -36174.33 DKK

2022-03-01 * "Faste fællesudgifter" "Sundheds- & sygeforsikring" #spiir
  spiir-id: "637817195405688265"
  Assets:Checking:Fixed       500.00 DKK
  Expenses:Insurance:Health  -500.00 DKK

2022-03-01 * "Fast Overførsel - Patric" "Sundheds- & sygeforsikring" #spiir
  spiir-id: "637817195405688266"
  Assets:Checking:Fixed       500.00 DKK
  Expenses:Insurance:Health  -500.00 DKK

2022-03-01 * "iCloud" "Online services & software" #spiir
  spiir-id: "637817195405688267"
  Assets:Checking:Fixed            -69.00 DKK
  Expenses:Subscriptions:Software   69.00 DKK

2022-03-01 * "EasyPark A/S easypark.dk" "Parkering" #spiir
  spiir-id: "637817197002460050"
  Assets:Checking:Dagligvarer  -64.69 DKK
  Expenses:Car:Parking          64.69 DKK

2022-03-01 * "Boerneloppen Aps Valby" "Babyudstyr" #spiir
  spiir-id: "637817197002460051"
  Assets:Checking:Dagligvarer  -100.00 DKK
  Expenses:Kids:Baby            100.00 DKK

2022-03-01 * "Kids Group Aps Kobenhavn S" "Babyudstyr" #spiir
  spiir-id: "637817197002460052"
  Assets:Checking:Dagligvarer  -34.98 DKK
  Expenses:Kids:Baby            34.98 DKK

2022-03-01 * "Antivægttab" "Dagligvarer" #spiir
  spiir-id: "637817197002460053"
  Assets:Checking:Dagligvarer   2000.00 DKK
  Expenses:Food:Groceries      -2000.00 DKK

2022-03-01 * "Underminer træning.." "Dagligvarer" #spiir
  spiir-id: "637817197002460054"
  Assets:Checking:Dagligvarer   2000.00 DKK
  Expenses:Food:Groceries      -2000.00 DKK

2022-03-01 * "Nørrebro Teater" "Biograf, koncerter & forlystelser" #spiir
  spiir-id: "637818015412170328"
  Assets:Checking:Primary        -45.00 DKK
  Expenses:Entertainment:Events   45.00 DKK

2022-03-01 * "Nørrebro Teater" "Biograf, koncerter & forlystelser" #spiir
  spiir-id: "637818016719580033"
  Assets:Checking:Dagligvarer    -120.00 DKK
  Expenses:Entertainment:Events   120.00 DKK

2022-03-02 * "telia.dk" "Telefoni & internet" #spiir
  spiir-id: "637818875220334574"
  Assets:Checking:Fixed           -249.00 DKK
  Expenses:Subscriptions:Telecom   249.00 DKK

2022-03-03 * "Zleep Hotel Copenhagen Ar Koebenh" "Fly & Hotel" #spiir
  spiir-id: "637818875530663276"
  Assets:Checking:Dagligvarer  -99.00 DKK
  Expenses:Travel               99.00 DKK

2022-03-03 * "cykelshoppen.dk" "Anden transport" #spiir
  spiir-id: "637819754721802812"
  Assets:Checking:Primary   -799.00 DKK
  Expenses:Transport:Other   799.00 DKK

2022-03-04 * "Aldi Oest 064 Koebenhavn S" "Dagligvarer" #spiir
  spiir-id: "637819756640238530"
  Assets:Checking:Dagligvarer  -112.65 DKK
  Expenses:Food:Groceries       112.65 DKK

2022-03-07 * "MobilePay" "Babyudstyr" #spiir
  spiir-id: "637822332359018063"
  Assets:Checking:Primary  -65.00 DKK
  Expenses:Kids:Baby        65.00 DKK

2022-03-07 * "Copenhagen boulder" "Sport & fritid" #spiir
  spiir-id: "637822332359018064"
  Assets:Checking:Primary        -25.00 DKK
  Expenses:Entertainment:Sports   25.00 DKK

2022-03-07 * "Coop Kvickly Stran" "Dagligvarer" #spiir
  spiir-id: "637822334888483541"
  Assets:Checking:Dagligvarer  -143.80 DKK
  Expenses:Food:Groceries       143.80 DKK

2022-03-07 * "Fakta Strandlodsve" "Dagligvarer" #spiir
  spiir-id: "637822334888483542"
  Assets:Checking:Dagligvarer  -41.50 DKK
  Expenses:Food:Groceries       41.50 DKK

2022-03-07 * "shopping.coop.dk" "Møbler & boligudstyr" #spiir
  spiir-id: "637823256598205728"
  Assets:Checking:Primary      -458.95 DKK
  Expenses:Shopping:Furniture   458.95 DKK

2022-03-08 * "Al-Basra Marked Kobenhavn S" "Dagligvarer" #spiir
  spiir-id: "637823258456441449"
  Assets:Checking:Dagligvarer  -12.00 DKK
  Expenses:Food:Groceries       12.00 DKK

2022-03-08 * "TooGoodToG" "Dagligvarer" #spiir
  spiir-id: "637823258456441450"
  Assets:Checking:Dagligvarer  -39.00 DKK
  Expenses:Food:Groceries       39.00 DKK

2022-03-08 * "MobilePay: WeShare" "Bar, cafe & restaurant" #spiir
  spiir-id: "637823713118964061"
  Assets:Checking:Primary   -956.00 DKK
  Expenses:Food:Restaurant   956.00 DKK

2022-03-09 * "Social Foodies Frederi Frederiksb" "Tobak & alkohol" #spiir
  spiir-id: "637824148497701215"
  Assets:Checking:Primary  -19.00 DKK
  Expenses:Food:Alcohol     19.00 DKK

2022-03-10 * "Toolbeer.Dk Copenhagen" "Tobak & alkohol" #spiir
  spiir-id: "637825008126540755"
  Assets:Checking:Primary  -186.00 DKK
  Expenses:Food:Alcohol     186.00 DKK

2022-03-11 * "Audible*1Z7OW81R1 Amzn.com/bill" "Film, musik & læsestof" #spiir
  spiir-id: "637825872117997203"
  Assets:Checking:Primary       -120.32 DKK
  Expenses:Entertainment:Media   120.32 DKK

2022-03-11 * "Fakta Noerrevold Koebenhavn K" "Dagligvarer" #spiir
  spiir-id: "637825873713384297"
  Assets:Checking:Dagligvarer  -41.95 DKK
  Expenses:Food:Groceries       41.95 DKK

2022-03-13 * "MobilePay MOMU café" "Bar, cafe & restaurant" #spiir
  spiir-id: "637828410211189707"
  Assets:Checking:Primary   -25.00 DKK
  Expenses:Food:Restaurant   25.00 DKK

2022-03-14 * "ZTL*Brus Aps Kobenhavn N" "Bar, cafe & restaurant" #spiir
  spiir-id: "637828410211189705"
  Assets:Checking:Primary   -60.00 DKK
  Expenses:Food:Restaurant   60.00 DKK

2022-03-14 * "Empire Bio A/S" "Biograf, koncerter & forlystelser" #spiir
  spiir-id: "637828410211189706"
  Assets:Checking:Primary        -79.68 DKK
  Expenses:Entertainment:Events   79.68 DKK

2022-03-14 * "Netto Backersvej" "Dagligvarer" #spiir
  spiir-id: "637828411124360270"
  Assets:Checking:Dagligvarer  -54.50 DKK
  Expenses:Food:Groceries       54.50 DKK

2022-03-14 * "Netto Backersvej" "Dagligvarer" #spiir
  spiir-id: "637828411124360271"
  Assets:Checking:Dagligvarer  -62.40 DKK
  Expenses:Food:Groceries       62.40 DKK

2022-03-15 * "Rejsekort - DSB" "Bus, tog, færge o.l." #spiir
  spiir-id: "637829035353341097"
  Assets:Checking:Primary    -300.00 DKK
  Expenses:Transport:Public   300.00 DKK

2022-03-15 * "Audible*1Z5SD0ML0 Amzn.com/bill" "Film, musik & læsestof" #spiir
  spiir-id: "637829340611323516"
  Assets:Checking:Primary       -119.68 DKK
  Expenses:Entertainment:Media   119.68 DKK

2022-03-15 * "Ccl Strandlodsvej Koebenhavn S" "Bar, cafe & restaurant" #spiir
  spiir-id: "637829340611323517"
  Assets:Checking:Primary   -67.00 DKK
  Expenses:Food:Restaurant   67.00 DKK

2022-03-15 * "Gamma Brewing Herlev" "Tobak & alkohol" #spiir
  spiir-id: "637829340611323518"
  Assets:Checking:Primary  -175.00 DKK
  Expenses:Food:Alcohol     175.00 DKK

2022-03-15 * "Kebab Station Valby" "Fastfood & takeaway" #spiir
  spiir-id: "637829341556358840"
  Assets:Checking:Dagligvarer  -45.00 DKK
  Expenses:Food:Takeaway        45.00 DKK

2022-03-15 * "Amagerbro Apotek Koebenhavn s" "Apotek & medicin" #spiir
  spiir-id: "637829341556358841"
  Assets:Checking:Dagligvarer  -59.95 DKK
  Expenses:Health:Pharmacy      59.95 DKK

2022-03-15 * "Amagerbro Apotek Koebenhavn s" "Apotek & medicin" #spiir
  spiir-id: "637829341556358842"
  Assets:Checking:Dagligvarer  -770.10 DKK
  Expenses:Health:Pharmacy      770.10 DKK

2022-03-15 * "Foetex Amager Centret Koebenhavn" "Dagligvarer" #spiir
  spiir-id: "637829341556358843"
  Assets:Checking:Dagligvarer  -243.30 DKK
  Expenses:Food:Groceries       243.30 DKK

2022-03-15 * "Netto Backersvej" "Dagligvarer" #spiir
  spiir-id: "637830193615111502"
  Assets:Checking:Dagligvarer  -63.95 DKK
  Expenses:Food:Groceries       63.95 DKK

2022-03-16 * "ALDI Øst" "Dagligvarer" #spiir
  spiir-id: "637831006817118798"
  Assets:Checking:Dagligvarer  -139.47 DKK
  Expenses:Food:Groceries       139.47 DKK

2022-03-17 * "ZTL*peders Kobenhavn K" "Tobak & alkohol" #spiir
  spiir-id: "637831005723969607"
  Assets:Checking:Primary  -121.00 DKK
  Expenses:Food:Alcohol     121.00 DKK

2022-03-17 * "Peders Kobenhavn K" "Bar, cafe & restaurant" #spiir
  spiir-id: "637831005723969608"
  Assets:Checking:Primary   -35.00 DKK
  Expenses:Food:Restaurant   35.00 DKK

2022-03-17 * "ZTL*peders Kobenhavn K" "Tobak & alkohol" #spiir
  spiir-id: "637831005723969609"
  Assets:Checking:Primary  -65.00 DKK
  Expenses:Food:Alcohol     65.00 DKK

2022-03-17 * "ZTL*peders Kobenhavn K" "Tobak & alkohol" #spiir
  spiir-id: "637831005723969610"
  Assets:Checking:Primary  -81.00 DKK
  Expenses:Food:Alcohol     81.00 DKK

2022-03-17 * "postdanmark.dk 171LO" "Bøder & afgifter" #spiir
  spiir-id: "637831005723969611"
  Assets:Checking:Primary  -235.00 DKK
  Expenses:Tax:Fines        235.00 DKK

2022-03-17 * "Kvickly Sundby Koebenhavn S" "Dagligvarer" #spiir
  spiir-id: "637831006817118796"
  Assets:Checking:Dagligvarer  -111.95 DKK
  Expenses:Food:Groceries       111.95 DKK

2022-03-17 * "Kvickly Sundby Koebenhavn S" "Dagligvarer" #spiir
  spiir-id: "637831006817118797"
  Assets:Checking:Dagligvarer  -18.00 DKK
  Expenses:Food:Groceries       18.00 DKK

2022-03-17 * "Kongshave9B" "Boliglån/husleje" #spiir
  spiir-id: "637831911014445153"
  Assets:Checking:Primary  -159850.00 DKK
  Expenses:House:Mortgage   159850.00 DKK

2022-03-17 * "tipster.dk 464-9" "Tobak & alkohol" #spiir
  spiir-id: "637831911014445154"
  Assets:Checking:Primary  -300.00 DKK
  Expenses:Food:Alcohol     300.00 DKK

2022-03-18 * "Netto Backersvej" "Dagligvarer" #spiir
  spiir-id: "637832746336540615"
  Assets:Checking:Dagligvarer  -76.50 DKK
  Expenses:Food:Groceries       76.50 DKK

2022-03-21 * "Beta Boulders Cope" "Bar, cafe & restaurant" #spiir
  spiir-id: "637834527784088959"
  Assets:Checking:Primary   -30.00 DKK
  Expenses:Food:Restaurant   30.00 DKK

2022-03-21 * "Spotify" "Film, musik & læsestof" #spiir
  spiir-id: "637834528889275738"
  Assets:Checking:Fixed         -124.00 DKK
  Expenses:Entertainment:Media   124.00 DKK

2022-03-21 * "Fakta Strandlodsve" "Dagligvarer" #spiir
  spiir-id: "637834529160849405"
  Assets:Checking:Dagligvarer  -13.00 DKK
  Expenses:Food:Groceries       13.00 DKK

2022-03-21 * "Coop Kvickly Stran" "Dagligvarer" #spiir
  spiir-id: "637834529160849406"
  Assets:Checking:Dagligvarer  -95.00 DKK
  Expenses:Food:Groceries       95.00 DKK

2022-03-21 * "Netto Backersvej" "Dagligvarer" #spiir
  spiir-id: "637834529160849407"
  Assets:Checking:Dagligvarer  -152.35 DKK
  Expenses:Food:Groceries       152.35 DKK

2022-03-21 * "Apple.Com/Bill" "Online services & software" #spiir
  spiir-id: "637834529160849408"
  Assets:Checking:Dagligvarer      -69.00 DKK
  Expenses:Subscriptions:Software   69.00 DKK

2022-03-21 * "Coop App ISGMC" "Dagligvarer" #spiir
  spiir-id: "637834852598802821"
  Assets:Checking:Dagligvarer  -251.40 DKK
  Expenses:Food:Groceries       251.40 DKK

2022-03-22 * "Beta Boulders Copenhagen Vanloes" "Bar, cafe & restaurant" #spiir
  spiir-id: "637835386511147379"
  Assets:Checking:Dagligvarer  -75.00 DKK
  Expenses:Food:Restaurant      75.00 DKK

2022-03-22 * "Amagerbro Apotek Koebenhavn s" "Apotek & medicin" #spiir
  spiir-id: "637835386511147380"
  Assets:Checking:Dagligvarer   429.95 DKK
  Expenses:Health:Pharmacy     -429.95 DKK

2022-03-22 * "Coop Kvickly Strandlodsve Koebenh" "Dagligvarer" #spiir
  spiir-id: "637835386511147381"
  Assets:Checking:Dagligvarer  -40.45 DKK
  Expenses:Food:Groceries       40.45 DKK

2022-03-22 * "Fakta Strandlodsvej Koebenhavn S" "Dagligvarer" #spiir
  spiir-id: "637835386511147382"
  Assets:Checking:Dagligvarer  -102.40 DKK
  Expenses:Food:Groceries       102.40 DKK

2022-03-22 * "Netto Backersvej" "Dagligvarer" #spiir
  spiir-id: "637836198458519559"
  Assets:Checking:Dagligvarer  -106.30 DKK
  Expenses:Food:Groceries       106.30 DKK

2022-03-23 * "Raverkab A/S Kabenhavn S" "" #spiir
  spiir-id: "637836198458519558"
  Assets:Checking:Dagligvarer  -149.50 DKK
  Expenses:Other                149.50 DKK

2022-03-23 * "Kvickly Sundby" "Dagligvarer" #spiir
  spiir-id: "637837061217549590"
  Assets:Checking:Dagligvarer  -85.00 DKK
  Expenses:Food:Groceries       85.00 DKK

2022-03-24 * "Gebr. Heinemann" "Bar, cafe & restaurant" #spiir
  spiir-id: "637837895967183703"
  Assets:Checking:Primary   -116.00 DKK
  Expenses:Food:Restaurant   116.00 DKK

2022-03-25 * "Gasoline T3" "Bar, cafe & restaurant" #spiir
  spiir-id: "637838797054009685"
  Assets:Checking:Dagligvarer  -110.00 DKK
  Expenses:Food:Restaurant      110.00 DKK

2022-03-28 * "Penta Advokater" "Boliglån/husleje" #spiir
  spiir-id: "637840557824116913"
  Assets:Checking:Primary  -8100.00 DKK
  Expenses:House:Mortgage   8100.00 DKK

2022-03-29 * "Edeka Lars Tamme Hamburg" "" #spiir
  spiir-id: "637841367400699965"
  Assets:Checking:Dagligvarer  -125.38 DKK
  Expenses:Other                125.38 DKK

2022-03-29 * "Silvan 562 Herlev Herlev" "Ombygning & vedligehold" #spiir
  spiir-id: "637841367400856218"
  Assets:Checking:Dagligvarer  -238.90 DKK
  Expenses:House:Renovation     238.90 DKK

2022-03-29 * "Netto Backersvej Koebenhavn S" "Dagligvarer" #spiir
  spiir-id: "637841367400856219"
  Assets:Checking:Dagligvarer  -90.50 DKK
  Expenses:Food:Groceries       90.50 DKK

2022-03-29 * "Harald Nyborg, Herlev Herlev" "Ombygning & vedligehold" #spiir
  spiir-id: "637841367400856220"
  Assets:Checking:Dagligvarer  -69.00 DKK
  Expenses:House:Renovation     69.00 DKK

2022-03-29 * "Netto Backersvej" "Dagligvarer" #spiir
  spiir-id: "637842260026353823"
  Assets:Checking:Dagligvarer  -10.00 DKK
  Expenses:Food:Groceries       10.00 DKK

2022-03-30 * "Netto Backersvej" "Dagligvarer" #spiir
  spiir-id: "637843108990374984"
  Assets:Checking:Dagligvarer  -146.00 DKK
  Expenses:Food:Groceries       146.00 DKK

2022-03-31 * "Deponering retur" "Boliglån/husleje" #spiir
  spiir-id: "637843106942173221"
  Assets:Checking:Primary   159850.00 DKK
  Expenses:House:Mortgage  -159850.00 DKK

2022-03-31 * "Fra Familieopsparing" "Anden indkomst" #spiir
  spiir-id: "637844025751239002"
  Assets:Checking:Primary   50000.00 DKK
  Income:Other             -50000.00 DKK

2022-03-31 * "Til Familieopsparing" "Anden opsparing" #spiir
  spiir-id: "637844025751239003"
  Assets:Checking:Primary  -6000.00 DKK
  Assets:Savings:Other      6000.00 DKK

2022-03-31 * "Interest, total balance" "Udlånsrenter" #spiir
  spiir-id: "637844025751239004"
  Assets:Checking:Primary  -629.21 DKK
  Expenses:Loans:Interest   629.21 DKK

2022-03-31 * "Kongshaven" "Boliglån/husleje" #spiir
  spiir-id: "637844025751239005"
  Assets:Checking:Primary   1875.00 DKK
  Expenses:House:Mortgage  -1875.00 DKK

2022-03-31 * "tipster.dk 584-4" "Fastfood & takeaway" #spiir
  spiir-id: "637844025751239006"
  Assets:Checking:Primary  -50.00 DKK
  Expenses:Food:Takeaway    50.00 DKK

2022-04-01 * "Akademikernes A-Kasse" "Fagforening & a-kasse" #spiir
  spiir-id: "637844025751238994"
  Assets:Checking:Primary   -1401.00 DKK
  Expenses:Insurance:Union   1401.00 DKK

2022-04-01 * "Luksuskonto" "" #spiir
  spiir-id: "637844025751238995"
  Assets:Checking:Primary  -1500.00 DKK
  Expenses:Other            1500.00 DKK

2022-04-01 * "Faste Fællesudgifter" "Kontooverførsel" #spiir
  spiir-id: "637844025751238996"
  Assets:Checking:Primary  -500.00 DKK
  Assets:Transfer           500.00 DKK

2022-04-01 * "Husleje" "Boliglån/husleje" #spiir
  spiir-id: "637844025751238997"
  Assets:Checking:Primary  -5000.00 DKK
  Expenses:House:Mortgage   5000.00 DKK

2022-04-01 * "Dagligvarer" "Kontooverførsel" #spiir
  spiir-id: "637844025751238998"
  Assets:Checking:Primary  -3500.00 DKK
  Assets:Transfer           3500.00 DKK

2022-04-01 * "Vuggestue - FF" "Kontooverførsel" #spiir
  spiir-id: "637844025751238999"
  Assets:Checking:Primary  -2132.00 DKK
  Assets:Transfer           2132.00 DKK

2022-04-01 * "iCloud Fastefæll.udgifte" "Kontooverførsel" #spiir
  spiir-id: "637844025751239000"
  Assets:Checking:Primary   69.00 DKK
  Assets:Transfer          -69.00 DKK

2022-04-01 * "Lønoverførsel" "Løn" #spiir
  spiir-id: "637844025751239001"
  Assets:Checking:Primary   36174.33 DKK
  Income:Salary            -36174.33 DKK

2022-04-01 * "Tryg" "Indbo- & familieforsikring" #spiir
  spiir-id: "637844026556429221"
  Assets:Checking:Fixed              -283.69 DKK
  Expenses:House:Contents-Insurance   283.69 DKK

2022-04-01 * "Vuggestue" "Kontooverførsel" #spiir
  spiir-id: "637844026556429222"
  Assets:Checking:Fixed   2132.00 DKK
  Assets:Transfer        -2132.00 DKK

2022-04-01 * "Faste fællesudgifter" "Kontooverførsel" #spiir
  spiir-id: "637844026556429223"
  Assets:Checking:Fixed   500.00 DKK
  Assets:Transfer        -500.00 DKK

2022-04-01 * "Fast Overførsel - Patric" "Sundheds- & sygeforsikring" #spiir
  spiir-id: "637844026556429224"
  Assets:Checking:Fixed       500.00 DKK
  Expenses:Insurance:Health  -500.00 DKK

2022-04-01 * "vuggestue" "Institution" #spiir
  spiir-id: "637844026556429225"
  Assets:Checking:Fixed       2132.00 DKK
  Expenses:Kids:Institution  -2132.00 DKK

2022-04-01 * "iCloud" "Kontooverførsel" #spiir
  spiir-id: "637844026556429226"
  Assets:Checking:Fixed  -69.00 DKK
  Assets:Transfer         69.00 DKK

2022-04-01 * "Fællesudgifter" "Kontooverførsel" #spiir
  spiir-id: "637844027456462813"
  Assets:Checking:Dagligvarer   3500.00 DKK
  Assets:Transfer              -3500.00 DKK

2022-04-01 * "Fællesudgifter" "Ejerforening" #spiir
  spiir-id: "637844027456462814"
  Assets:Checking:Dagligvarer   3500.00 DKK
  Expenses:House:Association   -3500.00 DKK

2022-04-01 * "ALDI Øst" "Dagligvarer" #spiir
  spiir-id: "637844812557999447"
  Assets:Checking:Dagligvarer  -119.85 DKK
  Expenses:Food:Groceries       119.85 DKK

2022-04-02 * "MobilePay Bang" "Biograf, koncerter & forlystelser" #spiir
  spiir-id: "637845671069888042"
  Assets:Checking:Primary         255.00 DKK
  Expenses:Entertainment:Events  -255.00 DKK

2022-04-04 * "REMA 1000 Frb" "Dagligvarer" #spiir
  spiir-id: "637846544714517030"
  Assets:Checking:Primary  -22.00 DKK
  Expenses:Food:Groceries   22.00 DKK

2022-04-04 * "Konya Kebab" "Fastfood & takeaway" #spiir
  spiir-id: "637846544714517031"
  Assets:Checking:Primary  -75.00 DKK
  Expenses:Food:Takeaway    75.00 DKK

2022-04-04 * "3 Danmark Koebenhavn SV" "Telefoni & internet" #spiir
  spiir-id: "637846544714517032"
  Assets:Checking:Primary         -140.00 DKK
  Expenses:Subscriptions:Telecom   140.00 DKK

2022-04-04 * "telia.dk" "Telefoni & internet" #spiir
  spiir-id: "637846545562677643"
  Assets:Checking:Fixed           -249.00 DKK
  Expenses:Subscriptions:Telecom   249.00 DKK

2022-04-04 * "Netto Valby Maskin" "Dagligvarer" #spiir
  spiir-id: "637846545891768861"
  Assets:Checking:Dagligvarer  -42.00 DKK
  Expenses:Food:Groceries       42.00 DKK

2022-04-04 * "MobilePay Jay Christopher Pollard" "" #spiir
  spiir-id: "637846877046178483"
  Assets:Checking:Primary  -25.00 DKK
  Expenses:Other            25.00 DKK

2022-04-04 * "MobilePay Bang" "Biograf, koncerter & forlystelser" #spiir
  spiir-id: "637846877046178484"
  Assets:Checking:Primary        -238.00 DKK
  Expenses:Entertainment:Events   238.00 DKK

2022-04-04 * "MobilePay Aleksandar Grbic" "Fastfood & takeaway" #spiir
  spiir-id: "637847507009634769"
  Assets:Checking:Primary   50.00 DKK
  Expenses:Food:Takeaway   -50.00 DKK

2022-04-05 * "MobilePay Rune Juul-Stokholm" "Fastfood & takeaway" #spiir
  spiir-id: "637847507009634763"
  Assets:Checking:Primary   50.00 DKK
  Expenses:Food:Takeaway   -50.00 DKK

2022-04-05 * "Op La Restaurant Dk-1674 Ka.Be" "Bar, cafe & restaurant" #spiir
  spiir-id: "637847507009634764"
  Assets:Checking:Primary   -510.00 DKK
  Expenses:Food:Restaurant   510.00 DKK

2022-04-05 * "Vega Kobenhavn V" "Bar, cafe & restaurant" #spiir
  spiir-id: "637847507009634765"
  Assets:Checking:Primary   -134.00 DKK
  Expenses:Food:Restaurant   134.00 DKK

2022-04-05 * "ZTL*TROWS Kobenhavn" "" #spiir
  spiir-id: "637847507009634766"
  Assets:Checking:Primary  -65.00 DKK
  Expenses:Other            65.00 DKK

2022-04-05 * "Vega Kobenhavn V" "Bar, cafe & restaurant" #spiir
  spiir-id: "637847507009634767"
  Assets:Checking:Primary   -147.00 DKK
  Expenses:Food:Restaurant   147.00 DKK

2022-04-05 * "Rejsekort - DSB" "Bus, tog, færge o.l." #spiir
  spiir-id: "637847507009634768"
  Assets:Checking:Primary    -300.00 DKK
  Expenses:Transport:Public   300.00 DKK

2022-04-05 * "Kbh. Kommune-Institutio" "Institution" #spiir
  spiir-id: "637847508170308922"
  Assets:Checking:Fixed      -4264.00 DKK
  Expenses:Kids:Institution   4264.00 DKK

2022-04-05 * "Fakta Strandlodsvej Koebenhavn S" "Dagligvarer" #spiir
  spiir-id: "637847509440207920"
  Assets:Checking:Dagligvarer  -182.35 DKK
  Expenses:Food:Groceries       182.35 DKK

2022-04-05 * "Coop Kvickly Strandlodsve Koebenh" "Dagligvarer" #spiir
  spiir-id: "637847509440207921"
  Assets:Checking:Dagligvarer  -55.50 DKK
  Expenses:Food:Groceries       55.50 DKK

2022-04-05 * "Netto Backersvej Koebenhavn S" "Dagligvarer" #spiir
  spiir-id: "637847509440207922"
  Assets:Checking:Dagligvarer  -43.50 DKK
  Expenses:Food:Groceries       43.50 DKK

2022-04-05 * "KaffeMekka" "Dagligvarer" #spiir
  spiir-id: "637848274502163765"
  Assets:Checking:Primary  -258.95 DKK
  Expenses:Food:Groceries   258.95 DKK

2022-04-06 * "AMZN Mktp DE" "" #spiir
  spiir-id: "637848274502163761"
  Assets:Checking:Primary  -396.61 DKK
  Expenses:Other            396.61 DKK

2022-04-06 * "Dispensay Whisky And B Kobenhavn" "Bar, cafe & restaurant" #spiir
  spiir-id: "637848274502163762"
  Assets:Checking:Primary   -70.00 DKK
  Expenses:Food:Restaurant   70.00 DKK

2022-04-06 * "DURUM BAR Koebenhavn N" "Bar, cafe & restaurant" #spiir
  spiir-id: "637848274502163763"
  Assets:Checking:Primary   -140.00 DKK
  Expenses:Food:Restaurant   140.00 DKK

2022-04-06 * "Dispensay Whisky And B Kobenhavn" "Bar, cafe & restaurant" #spiir
  spiir-id: "637848274502163764"
  Assets:Checking:Primary   -40.00 DKK
  Expenses:Food:Restaurant   40.00 DKK

2022-04-06 * "Kvickly Sundby Koebenhavn S" "Dagligvarer" #spiir
  spiir-id: "637848276184260241"
  Assets:Checking:Dagligvarer  -57.00 DKK
  Expenses:Food:Groceries       57.00 DKK

2022-04-06 * "Quickpoint" "Værksted & reservedele" #spiir
  spiir-id: "637849154584650000"
  Assets:Checking:Primary  -4527.05 DKK
  Expenses:Car:Service      4527.05 DKK

2022-04-07 * "charge" "Bankgebyrer" #spiir
  spiir-id: "637850021739270394"
  Assets:Checking:Dagligvarer  -150.00 DKK
  Expenses:Bank:Fees            150.00 DKK

2022-04-08 * "Flying Donut Kastrup" "Kiosk, bager & specialbutikker" #spiir
  spiir-id: "637850020554534454"
  Assets:Checking:Primary  -50.00 DKK
  Expenses:Food:Kiosk       50.00 DKK

2022-04-08 * "Netto Backersvej" "Dagligvarer" #spiir
  spiir-id: "637850842862859155"
  Assets:Checking:Dagligvarer  -111.70 DKK
  Expenses:Food:Groceries       111.70 DKK

2022-04-10 * "MobilePay Mads Christensen" "Bar, cafe & restaurant" #spiir
  spiir-id: "637852609203519110"
  Assets:Checking:Primary   -35.00 DKK
  Expenses:Food:Restaurant   35.00 DKK

2022-04-11 * "Copenhagen boulder" "Bar, cafe & restaurant" #spiir
  spiir-id: "637852609203519107"
  Assets:Checking:Primary   -20.00 DKK
  Expenses:Food:Restaurant   20.00 DKK

2022-04-11 * "CCL Strandlodsvej" "Bar, cafe & restaurant" #spiir
  spiir-id: "637852609203519108"
  Assets:Checking:Primary   -200.00 DKK
  Expenses:Food:Restaurant   200.00 DKK

2022-04-11 * "CCL Strandlodsvej" "Bar, cafe & restaurant" #spiir
  spiir-id: "637852609203519109"
  Assets:Checking:Primary   -55.80 DKK
  Expenses:Food:Restaurant   55.80 DKK

2022-04-11 * "Netto Backersvej" "Dagligvarer" #spiir
  spiir-id: "637852610556055612"
  Assets:Checking:Dagligvarer  -163.65 DKK
  Expenses:Food:Groceries       163.65 DKK

2022-04-11 * "Lidl" "Dagligvarer" #spiir
  spiir-id: "637852610556055613"
  Assets:Checking:Dagligvarer  -34.25 DKK
  Expenses:Food:Groceries       34.25 DKK

2022-04-11 * "Netto Backersvej Koebenhavn S" "Dagligvarer" #spiir
  spiir-id: "637852610556055614"
  Assets:Checking:Dagligvarer  -42.75 DKK
  Expenses:Food:Groceries       42.75 DKK

2022-04-11 * "Netto Backersvej" "Dagligvarer" #spiir
  spiir-id: "637853506556023573"
  Assets:Checking:Dagligvarer  -41.45 DKK
  Expenses:Food:Groceries       41.45 DKK

2022-04-11 * "Spejder Sport A/S" "Hobby & sportsudstyr" #spiir
  spiir-id: "637853506556023574"
  Assets:Checking:Dagligvarer  -79.00 DKK
  Expenses:Shopping:Sports      79.00 DKK

2022-04-12 * "Vision Direct Bv Amsterdam" "Briller & kontaktlinser" #spiir
  spiir-id: "637853505783929749"
  Assets:Checking:Primary  -2377.82 DKK
  Expenses:Health:Vision    2377.82 DKK

2022-04-12 * "CPH Bike Shop" "Værksted & reservedele" #spiir
  spiir-id: "637853505783929750"
  Assets:Checking:Primary  -100.00 DKK
  Expenses:Car:Service      100.00 DKK

2022-04-12 * "Beta Boulders Cope" "Bar, cafe & restaurant" #spiir
  spiir-id: "637854317576755640"
  Assets:Checking:Primary   -35.00 DKK
  Expenses:Food:Restaurant   35.00 DKK

2022-04-12 * "Beta Boulders Cope" "Bar, cafe & restaurant" #spiir
  spiir-id: "637854317576755641"
  Assets:Checking:Primary   -30.00 DKK
  Expenses:Food:Restaurant   30.00 DKK

2022-04-12 * "Vores kebab" "Fastfood & takeaway" #spiir
  spiir-id: "637854317576755642"
  Assets:Checking:Primary  -30.00 DKK
  Expenses:Food:Takeaway    30.00 DKK

2022-04-12 * "Amager Strand Apot" "Apotek & medicin" #spiir
  spiir-id: "637854317576755643"
  Assets:Checking:Primary   -42.95 DKK
  Expenses:Health:Pharmacy   42.95 DKK

2022-04-12 * "Coop Kvickly Stran" "Dagligvarer" #spiir
  spiir-id: "637854318521507348"
  Assets:Checking:Dagligvarer  -101.95 DKK
  Expenses:Food:Groceries       101.95 DKK

2022-04-12 * "ALDI Øst" "Dagligvarer" #spiir
  spiir-id: "637854318521507349"
  Assets:Checking:Dagligvarer  -33.32 DKK
  Expenses:Food:Groceries       33.32 DKK

2022-04-13 * "Kvickly Sundby Koebenhavn S" "Dagligvarer" #spiir
  spiir-id: "637854318521507346"
  Assets:Checking:Dagligvarer  -184.10 DKK
  Expenses:Food:Groceries       184.10 DKK

2022-04-13 * "Rema 1000 Kbh., Oeresunds Koebenh" "Dagligvarer" #spiir
  spiir-id: "637854318521507347"
  Assets:Checking:Dagligvarer  -34.30 DKK
  Expenses:Food:Groceries       34.30 DKK

2022-04-13 * "Netto Backersvej" "Dagligvarer" #spiir
  spiir-id: "637855176248428327"
  Assets:Checking:Dagligvarer  -21.50 DKK
  Expenses:Food:Groceries       21.50 DKK

2022-04-19 * "Spotify" "Film, musik & læsestof" #spiir
  spiir-id: "637878040235784891"
  Assets:Checking:Fixed         -124.00 DKK
  Expenses:Entertainment:Media   124.00 DKK

2022-04-19 * "Vaisenhus Apotek" "Apotek & medicin" #spiir
  spiir-id: "637878040325038748"
  Assets:Checking:Dagligvarer  -202.50 DKK
  Expenses:Health:Pharmacy      202.50 DKK

2022-04-19 * "ALDI Øst" "Dagligvarer" #spiir
  spiir-id: "637878040325038749"
  Assets:Checking:Dagligvarer  -141.90 DKK
  Expenses:Food:Groceries       141.90 DKK

2022-04-19 * "ALDI Øst" "Dagligvarer" #spiir
  spiir-id: "637878040325038750"
  Assets:Checking:Dagligvarer  -19.50 DKK
  Expenses:Food:Groceries       19.50 DKK

2022-04-19 * "RoS Gallery" "Bar, cafe & restaurant" #spiir
  spiir-id: "637878040325038751"
  Assets:Checking:Dagligvarer  -60.00 DKK
  Expenses:Food:Restaurant      60.00 DKK

2022-04-19 * "Netto Jerismosevej" "Dagligvarer" #spiir
  spiir-id: "637878040325038752"
  Assets:Checking:Dagligvarer  -11.00 DKK
  Expenses:Food:Groceries       11.00 DKK

2022-04-19 * "Irma Greve Strandv" "Dagligvarer" #spiir
  spiir-id: "637878040325038753"
  Assets:Checking:Dagligvarer  -12.00 DKK
  Expenses:Food:Groceries       12.00 DKK

2022-04-19 * "INGO København, El" "Brændstof" #spiir
  spiir-id: "637878040325038754"
  Assets:Checking:Dagligvarer  -250.02 DKK
  Expenses:Car:Gas              250.02 DKK

2022-04-19 * "Netto Backersvej" "Dagligvarer" #spiir
  spiir-id: "637878040325038755"
  Assets:Checking:Dagligvarer  -114.55 DKK
  Expenses:Food:Groceries       114.55 DKK

2022-04-19 * "Boerneloppen - Vanloese Vanloes" "Babyudstyr" #spiir
  spiir-id: "637878040325038756"
  Assets:Checking:Dagligvarer  -17.50 DKK
  Expenses:Kids:Baby            17.50 DKK

2022-04-19 * "sportstiming.dk 456-A" "Sport & fritid" #spiir
  spiir-id: "637878040325038757"
  Assets:Checking:Dagligvarer    -50.00 DKK
  Expenses:Entertainment:Sports   50.00 DKK

2022-04-20 * "Rejsekort - DSB" "Bus, tog, færge o.l." #spiir
  spiir-id: "637878040075153721"
  Assets:Checking:Primary    -300.00 DKK
  Expenses:Transport:Public   300.00 DKK

2022-04-20 * "Audible*1O8VC7CD1 Amzn.com/bill" "Online services & software" #spiir
  spiir-id: "637878040075153722"
  Assets:Checking:Primary          -120.51 DKK
  Expenses:Subscriptions:Software   120.51 DKK

2022-04-20 * "Akassekontingent" "Fagforening & a-kasse" #spiir
  spiir-id: "637878040075153723"
  Assets:Checking:Primary    934.00 DKK
  Expenses:Insurance:Union  -934.00 DKK

2022-04-20 * "Børne- og Ungeydelse" "Børnepenge" #spiir
  spiir-id: "637878040075153724"
  Assets:Checking:Primary   2327.00 DKK
  Income:ChildBenefit      -2327.00 DKK

2022-04-20 * "Rebæk Pizza Hvidovre" "Fastfood & takeaway" #spiir
  spiir-id: "637878040325038743"
  Assets:Checking:Dagligvarer  -30.00 DKK
  Expenses:Food:Takeaway        30.00 DKK

2022-04-20 * "Spar Vindinge Roskilde" "Dagligvarer" #spiir
  spiir-id: "637878040325038744"
  Assets:Checking:Dagligvarer  -66.80 DKK
  Expenses:Food:Groceries       66.80 DKK

2022-04-20 * "Kjaerstrup Koege Aps Koege" "" #spiir
  spiir-id: "637878040325038745"
  Assets:Checking:Dagligvarer  -84.00 DKK
  Expenses:Other                84.00 DKK

2022-04-20 * "Foetex Greve Center Greve" "Dagligvarer" #spiir
  spiir-id: "637878040325038746"
  Assets:Checking:Dagligvarer  -88.50 DKK
  Expenses:Food:Groceries       88.50 DKK

2022-04-20 * "Netto Jerismosevej Greve" "Dagligvarer" #spiir
  spiir-id: "637878040325038747"
  Assets:Checking:Dagligvarer  -165.40 DKK
  Expenses:Food:Groceries       165.40 DKK

2022-04-21 * "Til Faste Fællesudgifter" "Kontooverførsel" #spiir
  spiir-id: "637878040075153720"
  Assets:Checking:Primary  -2327.00 DKK
  Assets:Transfer           2327.00 DKK

2022-04-21 * "Fra Primary" "Kontooverførsel" #spiir
  spiir-id: "637878040235784889"
  Assets:Checking:Fixed   2327.00 DKK
  Assets:Transfer        -2327.00 DKK

2022-04-21 * "Børnepenge" "Børnepenge" #spiir
  spiir-id: "637878040235784890"
  Assets:Checking:Fixed   2327.00 DKK
  Income:ChildBenefit    -2327.00 DKK

2022-04-21 * "LIDL Koebenhavn s" "Dagligvarer" #spiir
  spiir-id: "637878040325038742"
  Assets:Checking:Dagligvarer  -89.95 DKK
  Expenses:Food:Groceries       89.95 DKK

2022-04-25 * "Popl Burger ApS" "Fastfood & takeaway" #spiir
  spiir-id: "637878040075153718"
  Assets:Checking:Primary  -240.00 DKK
  Expenses:Food:Takeaway    240.00 DKK

2022-04-25 * "føtex food Krøyers" "Dagligvarer" #spiir
  spiir-id: "637878040075153719"
  Assets:Checking:Primary  -15.45 DKK
  Expenses:Food:Groceries   15.45 DKK

2022-04-25 * "Netto Backersvej" "Dagligvarer" #spiir
  spiir-id: "637878040325038736"
  Assets:Checking:Dagligvarer  -26.00 DKK
  Expenses:Food:Groceries       26.00 DKK

2022-04-25 * "Netto Havnestaden" "Dagligvarer" #spiir
  spiir-id: "637878040325038737"
  Assets:Checking:Dagligvarer  -49.50 DKK
  Expenses:Food:Groceries       49.50 DKK

2022-04-25 * "Netto Backersvej" "Dagligvarer" #spiir
  spiir-id: "637878040325038738"
  Assets:Checking:Dagligvarer  -35.00 DKK
  Expenses:Food:Groceries       35.00 DKK

2022-04-25 * "Vietnams Supermarked Kobenhavn S" "Dagligvarer" #spiir
  spiir-id: "637878040325038739"
  Assets:Checking:Dagligvarer  -67.03 DKK
  Expenses:Food:Groceries       67.03 DKK

2022-04-25 * "Netto Kirkegaardsvej Koebenhavn S" "Dagligvarer" #spiir
  spiir-id: "637878040325038740"
  Assets:Checking:Dagligvarer  -133.65 DKK
  Expenses:Food:Groceries       133.65 DKK

2022-04-25 * "Rema 1000 Kbh., Oeresunds Koebenh" "Dagligvarer" #spiir
  spiir-id: "637878040325038741"
  Assets:Checking:Dagligvarer  -49.00 DKK
  Expenses:Food:Groceries       49.00 DKK

2022-04-26 * "ZTL*Cub Coffee Bar Kobenhavn K" "Bar, cafe & restaurant" #spiir
  spiir-id: "637878040075153715"
  Assets:Checking:Primary   -78.00 DKK
  Expenses:Food:Restaurant   78.00 DKK

2022-04-26 * "Mobility Food Kobenhavn V" "Bar, cafe & restaurant" #spiir
  spiir-id: "637878040075153716"
  Assets:Checking:Primary   -40.00 DKK
  Expenses:Food:Restaurant   40.00 DKK

2022-04-26 * "Tipsy Mermaid Kobenhavn K" "Bar, cafe & restaurant" #spiir
  spiir-id: "637878040075153717"
  Assets:Checking:Primary   -40.00 DKK
  Expenses:Food:Restaurant   40.00 DKK

2022-04-26 * "Netto Backersvej" "Dagligvarer" #spiir
  spiir-id: "637878040325038733"
  Assets:Checking:Dagligvarer  -18.00 DKK
  Expenses:Food:Groceries       18.00 DKK

2022-04-26 * "Coop Kvickly Stran" "Dagligvarer" #spiir
  spiir-id: "637878040325038734"
  Assets:Checking:Dagligvarer  -59.00 DKK
  Expenses:Food:Groceries       59.00 DKK

2022-04-26 * "Netto Backersvej" "Dagligvarer" #spiir
  spiir-id: "637878040325038735"
  Assets:Checking:Dagligvarer  -54.60 DKK
  Expenses:Food:Groceries       54.60 DKK

2022-04-28 * "føtex food Kr. Ber" "Dagligvarer" #spiir
  spiir-id: "637878040075153714"
  Assets:Checking:Primary  -16.95 DKK
  Expenses:Food:Groceries   16.95 DKK

2022-04-28 * "Rema 1000 Kbh., Oeresunds Koebenh" "Dagligvarer" #spiir
  spiir-id: "637878040325038731"
  Assets:Checking:Dagligvarer  -61.95 DKK
  Expenses:Food:Groceries       61.95 DKK

2022-04-28 * "Netto Kirkegaardsvej Koebenhavn S" "Dagligvarer" #spiir
  spiir-id: "637878040325038732"
  Assets:Checking:Dagligvarer  -70.35 DKK
  Expenses:Food:Groceries       70.35 DKK

2022-04-29 * "Quad Lock Prahran" "Elektronik & computerudstyr" #spiir
  spiir-id: "637878040075153712"
  Assets:Checking:Primary        -475.15 DKK
  Expenses:Shopping:Electronics   475.15 DKK

2022-04-30 * "Zaggis" "Bar, cafe & restaurant" #spiir
  spiir-id: "637878040075153711"
  Assets:Checking:Primary   -50.00 DKK
  Expenses:Food:Restaurant   50.00 DKK

2022-05-01 * "Lønoverførsel" "Løn" #spiir
  spiir-id: "637878040075153713"
  Assets:Checking:Primary   36174.33 DKK
  Income:Salary            -36174.33 DKK

2022-05-02 * "Faste Fællesudgifter" "Kontooverførsel" #spiir
  spiir-id: "637878040075153703"
  Assets:Checking:Primary  -500.00 DKK
  Assets:Transfer           500.00 DKK

2022-05-02 * "Luksuskonto" "" #spiir
  spiir-id: "637878040075153704"
  Assets:Checking:Primary  -1500.00 DKK
  Expenses:Other            1500.00 DKK

2022-05-02 * "Vuggestue - FF" "Kontooverførsel" #spiir
  spiir-id: "637878040075153705"
  Assets:Checking:Primary  -2132.00 DKK
  Assets:Transfer           2132.00 DKK

2022-05-02 * "Dagligvarer" "Kontooverførsel" #spiir
  spiir-id: "637878040075153706"
  Assets:Checking:Primary  -3500.00 DKK
  Assets:Transfer           3500.00 DKK

2022-05-02 * "Husleje" "Boliglån/husleje" #spiir
  spiir-id: "637878040075153707"
  Assets:Checking:Primary  -5000.00 DKK
  Expenses:House:Mortgage   5000.00 DKK

2022-05-02 * "iCloud Fastefæll.udgifte" "Kontooverførsel" #spiir
  spiir-id: "637878040075153708"
  Assets:Checking:Primary   69.00 DKK
  Assets:Transfer          -69.00 DKK

2022-05-02 * "Cykelpartner.dk Ap" "Anden transport" #spiir
  spiir-id: "637878040075153709"
  Assets:Checking:Primary   -288.00 DKK
  Expenses:Transport:Other   288.00 DKK

2022-05-02 * "3 Danmark Koebenhavn SV" "Telefoni & internet" #spiir
  spiir-id: "637878040075153710"
  Assets:Checking:Primary         -140.00 DKK
  Expenses:Subscriptions:Telecom   140.00 DKK

2022-05-02 * "Faste fællesudgifter" "Kontooverførsel" #spiir
  spiir-id: "637878040235784881"
  Assets:Checking:Fixed   500.00 DKK
  Assets:Transfer        -500.00 DKK

2022-05-02 * "Vuggestue" "Kontooverførsel" #spiir
  spiir-id: "637878040235784882"
  Assets:Checking:Fixed   2132.00 DKK
  Assets:Transfer        -2132.00 DKK

2022-05-02 * "Fast Overførsel - Patric" "Sundheds- & sygeforsikring" #spiir
  spiir-id: "637878040235784883"
  Assets:Checking:Fixed       500.00 DKK
  Expenses:Insurance:Health  -500.00 DKK

2022-05-02 * "vuggestue" "Institution" #spiir
  spiir-id: "637878040235784884"
  Assets:Checking:Fixed       2132.00 DKK
  Expenses:Kids:Institution  -2132.00 DKK

2022-05-02 * "iCloud" "Kontooverførsel" #spiir
  spiir-id: "637878040235784885"
  Assets:Checking:Fixed  -69.00 DKK
  Assets:Transfer         69.00 DKK

2022-05-02 * "Tryg" "Indbo- & familieforsikring" #spiir
  spiir-id: "637878040235784886"
  Assets:Checking:Fixed              -1340.15 DKK
  Expenses:House:Contents-Insurance   1340.15 DKK

2022-05-02 * "Tryg" "Indbo- & familieforsikring" #spiir
  spiir-id: "637878040235784887"
  Assets:Checking:Fixed              -692.94 DKK
  Expenses:House:Contents-Insurance   692.94 DKK

2022-05-02 * "Tryg" "Indbo- & familieforsikring" #spiir
  spiir-id: "637878040235784888"
  Assets:Checking:Fixed              -539.26 DKK
  Expenses:House:Contents-Insurance   539.26 DKK

2022-05-02 * "Netto Backersvej" "Dagligvarer" #spiir
  spiir-id: "637878040325038725"
  Assets:Checking:Dagligvarer  -46.50 DKK
  Expenses:Food:Groceries       46.50 DKK

2022-05-02 * "Fællesudgifter" "Kontooverførsel" #spiir
  spiir-id: "637878040325038726"
  Assets:Checking:Dagligvarer   3500.00 DKK
  Assets:Transfer              -3500.00 DKK

2022-05-02 * "Fællesudgifter" "Ejerforening" #spiir
  spiir-id: "637878040325038727"
  Assets:Checking:Dagligvarer   3500.00 DKK
  Expenses:House:Association   -3500.00 DKK

2022-05-02 * "Bisgaard Bageri" "Kiosk, bager & specialbutikker" #spiir
  spiir-id: "637878040325038728"
  Assets:Checking:Dagligvarer  -70.00 DKK
  Expenses:Food:Kiosk           70.00 DKK

2022-05-02 * "Netto Backersvej" "Dagligvarer" #spiir
  spiir-id: "637878040325038729"
  Assets:Checking:Dagligvarer  -107.10 DKK
  Expenses:Food:Groceries       107.10 DKK

2022-05-02 * "Fakta 328 Koebenhavn S" "Dagligvarer" #spiir
  spiir-id: "637878040325038730"
  Assets:Checking:Dagligvarer  -10.00 DKK
  Expenses:Food:Groceries       10.00 DKK

2022-05-03 * "Friluftslageret Ap" "Hobby & sportsudstyr" #spiir
  spiir-id: "637878040075153696"
  Assets:Checking:Primary   -1698.00 DKK
  Expenses:Shopping:Sports   1698.00 DKK

2022-05-03 * "M Kgs. Nytorv TVM" "Bus, tog, færge o.l." #spiir
  spiir-id: "637878040075153697"
  Assets:Checking:Primary    -24.00 DKK
  Expenses:Transport:Public   24.00 DKK

2022-05-03 * "M Amagerbro TVM" "Bus, tog, færge o.l." #spiir
  spiir-id: "637878040075153698"
  Assets:Checking:Primary    -24.00 DKK
  Expenses:Transport:Public   24.00 DKK

2022-05-03 * "billigsport24.dk" "Tøj, sko & accessories" #spiir
  spiir-id: "637878040075153699"
  Assets:Checking:Primary     -478.00 DKK
  Expenses:Shopping:Clothing   478.00 DKK

2022-05-03 * "FDM Test og Bilsyn" "Værksted & reservedele" #spiir
  spiir-id: "637878040075153700"
  Assets:Checking:Primary  -510.00 DKK
  Expenses:Car:Service      510.00 DKK

2022-05-03 * "Toolbeer.Dk Copenhagen" "Tobak & alkohol" #spiir
  spiir-id: "637878040075153701"
  Assets:Checking:Primary  -186.00 DKK
  Expenses:Food:Alcohol     186.00 DKK

2022-05-03 * "ZTL*Kaf? Bar Kobenhavn K" "Bar, cafe & restaurant" #spiir
  spiir-id: "637878040075153702"
  Assets:Checking:Primary   -81.00 DKK
  Expenses:Food:Restaurant   81.00 DKK

2022-05-03 * "telia.dk" "Telefoni & internet" #spiir
  spiir-id: "637878040235784880"
  Assets:Checking:Fixed           -249.00 DKK
  Expenses:Subscriptions:Telecom   249.00 DKK

2022-05-03 * "Netto Backersvej" "Dagligvarer" #spiir
  spiir-id: "637878040325038720"
  Assets:Checking:Dagligvarer  -99.70 DKK
  Expenses:Food:Groceries       99.70 DKK

2022-05-03 * "Sunset Blvd Hilleroed Hilleroed" "" #spiir
  spiir-id: "637878040325038721"
  Assets:Checking:Dagligvarer  -145.50 DKK
  Expenses:Other                145.50 DKK

2022-05-03 * "Circle K Vermlandsgade, K Kobenha" "Brændstof" #spiir
  spiir-id: "637878040325038722"
  Assets:Checking:Dagligvarer  -610.65 DKK
  Expenses:Car:Gas              610.65 DKK

2022-05-03 * "Dianas Bageri Koebenhavn S" "Kiosk, bager & specialbutikker" #spiir
  spiir-id: "637878040325038723"
  Assets:Checking:Dagligvarer  -35.00 DKK
  Expenses:Food:Kiosk           35.00 DKK

2022-05-03 * "Casa Nostra Hilleroed" "" #spiir
  spiir-id: "637878040325038724"
  Assets:Checking:Dagligvarer  -45.00 DKK
  Expenses:Other                45.00 DKK

2022-05-04 * "Cykelpartner.dk Ap" "Anden transport" #spiir
  spiir-id: "637878040075153695"
  Assets:Checking:Primary   -288.00 DKK
  Expenses:Transport:Other   288.00 DKK

2022-05-04 * "Aldi Oest 008 Koebenhavn K" "Dagligvarer" #spiir
  spiir-id: "637878040325038719"
  Assets:Checking:Dagligvarer  -100.00 DKK
  Expenses:Food:Groceries       100.00 DKK

2022-05-05 * "Escape Room by Midgaard Event" "" #spiir
  spiir-id: "637878040075153691"
  Assets:Checking:Primary  -90.00 DKK
  Expenses:Other            90.00 DKK

2022-05-05 * "Kaffepåhjul" "Bar, cafe & restaurant" #spiir
  spiir-id: "637878040075153692"
  Assets:Checking:Primary   -38.00 DKK
  Expenses:Food:Restaurant   38.00 DKK

2022-05-05 * "Ida Ingeniørfore. i Danm" "Fagforening & a-kasse" #spiir
  spiir-id: "637878040075153693"
  Assets:Checking:Primary   -878.25 DKK
  Expenses:Insurance:Union   878.25 DKK

2022-05-05 * "CPH Bike Shop" "Værksted & reservedele" #spiir
  spiir-id: "637878040075153694"
  Assets:Checking:Primary  -500.00 DKK
  Expenses:Car:Service      500.00 DKK

2022-05-05 * "Kbh. Kommune-Institutio" "Institution" #spiir
  spiir-id: "637878040235784879"
  Assets:Checking:Fixed      -4264.00 DKK
  Expenses:Kids:Institution   4264.00 DKK

2022-05-06 * "cinemaxx.dk" "Biograf, koncerter & forlystelser" #spiir
  spiir-id: "637878040075153689"
  Assets:Checking:Primary        -262.00 DKK
  Expenses:Entertainment:Events   262.00 DKK

2022-05-06 * "Durum Bar" "Bar, cafe & restaurant" #spiir
  spiir-id: "637878040075153690"
  Assets:Checking:Primary   -150.00 DKK
  Expenses:Food:Restaurant   150.00 DKK

2022-05-06 * "Bageriet Benji Aps Kobenhavn" "Kiosk, bager & specialbutikker" #spiir
  spiir-id: "637878040325038717"
  Assets:Checking:Dagligvarer  -68.00 DKK
  Expenses:Food:Kiosk           68.00 DKK

2022-05-06 * "Phago ApS" "Bar, cafe & restaurant" #spiir
  spiir-id: "637878040325038718"
  Assets:Checking:Dagligvarer  -30.00 DKK
  Expenses:Food:Restaurant      30.00 DKK

2022-05-09 * "ALDI Øst" "Dagligvarer" #spiir
  spiir-id: "637878040075153683"
  Assets:Checking:Primary  -77.38 DKK
  Expenses:Food:Groceries   77.38 DKK

2022-05-09 * "cykelgear.dk" "Hobby & sportsudstyr" #spiir
  spiir-id: "637878040075153684"
  Assets:Checking:Primary   -518.00 DKK
  Expenses:Shopping:Sports   518.00 DKK

2022-05-09 * "LIA Copenhagen" "Bar, cafe & restaurant" #spiir
  spiir-id: "637878040075153685"
  Assets:Checking:Primary   -44.00 DKK
  Expenses:Food:Restaurant   44.00 DKK

2022-05-09 * "ALDI Øst" "Dagligvarer" #spiir
  spiir-id: "637878040075153686"
  Assets:Checking:Primary  -8.00 DKK
  Expenses:Food:Groceries   8.00 DKK

2022-05-09 * "Copenhagen boulder" "Bar, cafe & restaurant" #spiir
  spiir-id: "637878040075153687"
  Assets:Checking:Primary   -145.00 DKK
  Expenses:Food:Restaurant   145.00 DKK

2022-05-09 * "Holms Bager Kobenhavn K" "Kiosk, bager & specialbutikker" #spiir
  spiir-id: "637878040075153688"
  Assets:Checking:Primary  -188.00 DKK
  Expenses:Food:Kiosk       188.00 DKK

2022-05-09 * "Sønderbro Apotek" "Apotek & medicin" #spiir
  spiir-id: "637878040325038713"
  Assets:Checking:Dagligvarer  -107.55 DKK
  Expenses:Health:Pharmacy      107.55 DKK

2022-05-09 * "Netto Backersvej" "Dagligvarer" #spiir
  spiir-id: "637878040325038714"
  Assets:Checking:Dagligvarer  -86.95 DKK
  Expenses:Food:Groceries       86.95 DKK

2022-05-09 * "Netto Backersvej" "Dagligvarer" #spiir
  spiir-id: "637878040325038715"
  Assets:Checking:Dagligvarer  -201.85 DKK
  Expenses:Food:Groceries       201.85 DKK

2022-05-09 * "Netto Backersvej Koebenhavn S" "Dagligvarer" #spiir
  spiir-id: "637878040325038716"
  Assets:Checking:Dagligvarer  -75.75 DKK
  Expenses:Food:Groceries       75.75 DKK

2022-05-10 * "Rejsekort - DSB" "Bus, tog, færge o.l." #spiir
  spiir-id: "637878040075153680"
  Assets:Checking:Primary    -300.00 DKK
  Expenses:Transport:Public   300.00 DKK

2022-05-10 * "Copenhagen Boulders Aps Koebenh" "Sport & fritid" #spiir
  spiir-id: "637878040075153681"
  Assets:Checking:Primary        -99.00 DKK
  Expenses:Entertainment:Sports   99.00 DKK

2022-05-10 * "SKAT Restskat" "Restskat" #spiir
  spiir-id: "637878040075153682"
  Assets:Checking:Primary  -1359.00 DKK
  Expenses:Tax:Back-Tax     1359.00 DKK

2022-05-10 * "Netto Backersvej Koebenhavn S" "Dagligvarer" #spiir
  spiir-id: "637878040325038711"
  Assets:Checking:Dagligvarer  -20.00 DKK
  Expenses:Food:Groceries       20.00 DKK

2022-05-10 * "HAM Airport P4/SB147 Hamburg" "" #spiir
  spiir-id: "637878040325038712"
  Assets:Checking:Dagligvarer  -52.88 DKK
  Expenses:Other                52.88 DKK

2022-05-11 * "Netto Backersvej Koebenhavn S" "Dagligvarer" #spiir
  spiir-id: "637878580639157149"
  Assets:Checking:Dagligvarer  -26.15 DKK
  Expenses:Food:Groceries       26.15 DKK

2022-05-12 * "LIA Copenhagen" "Bar, cafe & restaurant" #spiir
  spiir-id: "637880248752804320"
  Assets:Checking:Dagligvarer  -98.00 DKK
  Expenses:Food:Restaurant      98.00 DKK

2022-05-16 * "Fakta Metropolen" "Dagligvarer" #spiir
  spiir-id: "637882878048173454"
  Assets:Checking:Primary  -16.15 DKK
  Expenses:Food:Groceries   16.15 DKK

2022-05-16 * "Netto Backersvej" "Dagligvarer" #spiir
  spiir-id: "637882878048173455"
  Assets:Checking:Primary  -30.50 DKK
  Expenses:Food:Groceries   30.50 DKK

2022-05-16 * "ALDI Øst" "Dagligvarer" #spiir
  spiir-id: "637882878048173456"
  Assets:Checking:Primary  -82.65 DKK
  Expenses:Food:Groceries   82.65 DKK

2022-05-16 * "Netto Backersvej" "Dagligvarer" #spiir
  spiir-id: "637882879444321088"
  Assets:Checking:Dagligvarer  -155.80 DKK
  Expenses:Food:Groceries       155.80 DKK

2022-05-16 * "Netto Backersvej" "Dagligvarer" #spiir
  spiir-id: "637882879444321089"
  Assets:Checking:Dagligvarer  -113.45 DKK
  Expenses:Food:Groceries       113.45 DKK

2022-05-16 * "Vietnams Supermark" "Dagligvarer" #spiir
  spiir-id: "637882879444321090"
  Assets:Checking:Dagligvarer  -466.00 DKK
  Expenses:Food:Groceries       466.00 DKK

2022-05-16 * "ALDI Øst" "Dagligvarer" #spiir
  spiir-id: "637882879444321091"
  Assets:Checking:Dagligvarer  -11.95 DKK
  Expenses:Food:Groceries       11.95 DKK

2022-05-16 * "Camp Adventure" "Sport & fritid" #spiir
  spiir-id: "637883726015400665"
  Assets:Checking:Primary        -35.00 DKK
  Expenses:Entertainment:Sports   35.00 DKK

2022-05-17 * "Roast Coffee A Kobenhavn S" "Bar, cafe & restaurant" #spiir
  spiir-id: "637883726015400662"
  Assets:Checking:Primary   -42.00 DKK
  Expenses:Food:Restaurant   42.00 DKK

2022-05-17 * "Audible*1L7105C02 Amzn.com/bill" "Film, musik & læsestof" #spiir
  spiir-id: "637883726015400663"
  Assets:Checking:Primary       -126.00 DKK
  Expenses:Entertainment:Media   126.00 DKK

2022-05-17 * "EasyPark A/S easypark.dk" "Parkering" #spiir
  spiir-id: "637883726015400664"
  Assets:Checking:Primary  -26.40 DKK
  Expenses:Car:Parking      26.40 DKK

2022-05-17 * "EasyPark A/S easypark.dk" "Parkering" #spiir
  spiir-id: "637883727383401125"
  Assets:Checking:Dagligvarer  -24.00 DKK
  Expenses:Car:Parking          24.00 DKK

2022-05-17 * "Andersen Bakery Koebenhavn s" "Kiosk, bager & specialbutikker" #spiir
  spiir-id: "637883727383401126"
  Assets:Checking:Dagligvarer  -88.00 DKK
  Expenses:Food:Kiosk           88.00 DKK

2022-05-17 * "Ismageriet Aps Koebenhavn S" "Kiosk, bager & specialbutikker" #spiir
  spiir-id: "637883727383401127"
  Assets:Checking:Dagligvarer  -136.00 DKK
  Expenses:Food:Kiosk           136.00 DKK

2022-05-17 * "Sp Copenhagen Contem Kbenhavn K" "" #spiir
  spiir-id: "637883727383401128"
  Assets:Checking:Dagligvarer  -195.00 DKK
  Expenses:Other                195.00 DKK

2022-05-17 * "ZTL*Lille Aps Kobenhavn K" "Bar, cafe & restaurant" #spiir
  spiir-id: "637883727383401129"
  Assets:Checking:Dagligvarer  -70.00 DKK
  Expenses:Food:Restaurant      70.00 DKK

2022-05-17 * "Aldi Oest 064 Koebenhavn S" "Dagligvarer" #spiir
  spiir-id: "637883727383401130"
  Assets:Checking:Dagligvarer  -73.45 DKK
  Expenses:Food:Groceries       73.45 DKK

2022-05-17 * "Meny Amager Koebenhavn S" "Dagligvarer" #spiir
  spiir-id: "637883727383401131"
  Assets:Checking:Dagligvarer  -123.80 DKK
  Expenses:Food:Groceries       123.80 DKK

2022-05-18 * "Aldi Oest 064 Koebenhavn S" "Dagligvarer" #spiir
  spiir-id: "637884567231392498"
  Assets:Checking:Dagligvarer  -20.00 DKK
  Expenses:Food:Groceries       20.00 DKK

2022-05-18 * "MobilePay BOLIGPORTAL.DK A/S" "Andre boligudgifter" #spiir
  spiir-id: "637885489232569787"
  Assets:Checking:Dagligvarer  -29.00 DKK
  Expenses:House:Other          29.00 DKK

2022-05-18 * "7-Eleven B027" "Kiosk, bager & specialbutikker" #spiir
  spiir-id: "637885489232569788"
  Assets:Checking:Dagligvarer  -17.00 DKK
  Expenses:Food:Kiosk           17.00 DKK

2022-05-19 * "Spotify" "Film, musik & læsestof" #spiir
  spiir-id: "637885487912368796"
  Assets:Checking:Fixed         -124.00 DKK
  Expenses:Entertainment:Media   124.00 DKK

2022-05-19 * "Charlies Cafe" "Bar, cafe & restaurant" #spiir
  spiir-id: "637886320839437986"
  Assets:Checking:Primary   -225.00 DKK
  Expenses:Food:Restaurant   225.00 DKK

2022-05-20 * "Dot App" "Bus, tog, færge o.l." #spiir
  spiir-id: "637886320839437983"
  Assets:Checking:Primary    -36.00 DKK
  Expenses:Transport:Public   36.00 DKK

2022-05-20 * "Beta Boulders Copenhagen Vanloes" "Bar, cafe & restaurant" #spiir
  spiir-id: "637886320839437984"
  Assets:Checking:Primary   -45.00 DKK
  Expenses:Food:Restaurant   45.00 DKK

2022-05-20 * "Skarp" "Briller & kontaktlinser" #spiir
  spiir-id: "637886320839437985"
  Assets:Checking:Primary  -8548.00 DKK
  Expenses:Health:Vision    8548.00 DKK

2022-05-20 * "Kvickly Sundby Koebenhavn S" "Dagligvarer" #spiir
  spiir-id: "637886322240413545"
  Assets:Checking:Dagligvarer  -282.30 DKK
  Expenses:Food:Groceries       282.30 DKK

2022-05-20 * "Dot App" "Bus, tog, færge o.l." #spiir
  spiir-id: "637887198372393929"
  Assets:Checking:Primary    -24.00 DKK
  Expenses:Transport:Public   24.00 DKK

2022-05-20 * "Quickpoint A/S" "Værksted & reservedele" #spiir
  spiir-id: "637887198372393930"
  Assets:Checking:Primary  -2000.00 DKK
  Expenses:Car:Service      2000.00 DKK

2022-05-23 * "Dsb" "Bøder & afgifter" #spiir
  spiir-id: "637888946390742225"
  Assets:Checking:Primary  -300.00 DKK
  Expenses:Tax:Fines        300.00 DKK

2022-05-23 * "CCL Strandlodsvej" "Bar, cafe & restaurant" #spiir
  spiir-id: "637888946390742226"
  Assets:Checking:Primary   -200.00 DKK
  Expenses:Food:Restaurant   200.00 DKK

2022-05-23 * "føtex food Krøyers" "Dagligvarer" #spiir
  spiir-id: "637888946390742227"
  Assets:Checking:Primary  -69.25 DKK
  Expenses:Food:Groceries   69.25 DKK

2022-05-23 * "Den Grønlandske Ha" "Bar, cafe & restaurant" #spiir
  spiir-id: "637888947089066018"
  Assets:Checking:Dagligvarer  -245.00 DKK
  Expenses:Food:Restaurant      245.00 DKK

2022-05-23 * "Netto Backersvej" "Dagligvarer" #spiir
  spiir-id: "637888947089066019"
  Assets:Checking:Dagligvarer  -157.70 DKK
  Expenses:Food:Groceries       157.70 DKK

2022-05-23 * "Netto Backersvej" "Dagligvarer" #spiir
  spiir-id: "637888947089066020"
  Assets:Checking:Dagligvarer  -118.40 DKK
  Expenses:Food:Groceries       118.40 DKK

2022-05-23 * "MobilePay Jakob Kirkegaard Nielsen" "" #spiir
  spiir-id: "637889782912315327"
  Assets:Checking:Primary  -20.00 DKK
  Expenses:Other            20.00 DKK

2022-05-23 * "Netto Backersvej" "Dagligvarer" #spiir
  spiir-id: "637889785348971660"
  Assets:Checking:Dagligvarer  -21.20 DKK
  Expenses:Food:Groceries       21.20 DKK

2022-05-24 * "ZTL*Sweet Treat Broen Kobenhavn K" "" #spiir
  spiir-id: "637889782912315325"
  Assets:Checking:Primary  -40.00 DKK
  Expenses:Other            40.00 DKK

2022-05-24 * "Tipsy Mermaid Kobenhavn K" "Bar, cafe & restaurant" #spiir
  spiir-id: "637889782912315326"
  Assets:Checking:Primary   -42.00 DKK
  Expenses:Food:Restaurant   42.00 DKK

2022-05-24 * "Sp Mochitimecph Frederiksberg" "" #spiir
  spiir-id: "637889785348971659"
  Assets:Checking:Dagligvarer  -79.00 DKK
  Expenses:Other                79.00 DKK

2022-05-25 * "MobilePay Orion Madsen" "Gaver & velgørenhed" #spiir
  spiir-id: "637891474970922824"
  Assets:Checking:Primary  -350.00 DKK
  Expenses:Gifts            350.00 DKK

2022-05-25 * "MobilePay Laura Løwig Larsen" "" #spiir
  spiir-id: "637891474970922825"
  Assets:Checking:Primary  -5000.00 DKK
  Expenses:Other            5000.00 DKK

2022-05-25 * "tipster.dk 833-2" "" #spiir
  spiir-id: "637891474970922826"
  Assets:Checking:Primary  -105.00 DKK
  Expenses:Other            105.00 DKK

2022-05-30 * "tipster.dk 852-2" "" #spiir
  spiir-id: "637894935613512991"
  Assets:Checking:Primary  -75.00 DKK
  Expenses:Other            75.00 DKK

2022-05-30 * "Netto Backersvej" "Dagligvarer" #spiir
  spiir-id: "637894937690459195"
  Assets:Checking:Dagligvarer  -121.30 DKK
  Expenses:Food:Groceries       121.30 DKK

2022-05-30 * "Netto Backersvej" "Dagligvarer" #spiir
  spiir-id: "637895782598893852"
  Assets:Checking:Dagligvarer  -95.65 DKK
  Expenses:Food:Groceries       95.65 DKK

2022-05-31 * "Herrenmode For You Travemuende" "" #spiir
  spiir-id: "637895780959768894"
  Assets:Checking:Primary  -905.87 DKK
  Expenses:Other            905.87 DKK

2022-05-31 * "The Body Shop Hamburg" "Frisør & personlig pleje" #spiir
  spiir-id: "637895780959768895"
  Assets:Checking:Primary          -143.55 DKK
  Expenses:Shopping:Personal-Care   143.55 DKK

2022-05-31 * "Edeka Jens Luebeck" "" #spiir
  spiir-id: "637895780959768896"
  Assets:Checking:Primary  -322.75 DKK
  Expenses:Other            322.75 DKK

2022-05-31 * "Edeka Jens Priwall 111 Luebeck Pr" "" #spiir
  spiir-id: "637895780959768897"
  Assets:Checking:Primary  -12.84 DKK
  Expenses:Other            12.84 DKK

2022-05-31 * "Ska Blippa Hassleholm" "" #spiir
  spiir-id: "637895780959768898"
  Assets:Checking:Primary  -20.21 DKK
  Expenses:Other            20.21 DKK

2022-05-31 * "Ostsee Baer Luebeck-Trave" "" #spiir
  spiir-id: "637895780959768899"
  Assets:Checking:Primary  -66.48 DKK
  Expenses:Other            66.48 DKK

2022-05-31 * "Rejsekort - DSB" "Bus, tog, færge o.l." #spiir
  spiir-id: "637895780959768901"
  Assets:Checking:Primary    -300.00 DKK
  Expenses:Transport:Public   300.00 DKK

2022-05-31 * "Stadtverkehr Luebeck Luebeck" "" #spiir
  spiir-id: "637895782598893850"
  Assets:Checking:Dagligvarer  -22.66 DKK
  Expenses:Other                22.66 DKK

2022-05-31 * "Rossmann 159 Hamburg" "" #spiir
  spiir-id: "637895782598893851"
  Assets:Checking:Dagligvarer  -57.95 DKK
  Expenses:Other                57.95 DKK

2022-06-01 * "Lønoverførsel" "Løn" #spiir
  spiir-id: "637895780959768900"
  Assets:Checking:Primary   38418.02 DKK
  Income:Salary            -38418.02 DKK

2022-06-01 * "3 Danmark Koebenhavn SV" "Telefoni & internet" #spiir
  spiir-id: "637896648097020175"
  Assets:Checking:Primary         -193.31 DKK
  Expenses:Subscriptions:Telecom   193.31 DKK

2022-06-01 * "Faste Fællesudgifter" "Kontooverførsel" #spiir
  spiir-id: "637896648097176427"
  Assets:Checking:Primary  -500.00 DKK
  Assets:Transfer           500.00 DKK

2022-06-01 * "Luksuskonto" "" #spiir
  spiir-id: "637896648097176428"
  Assets:Checking:Primary  -1500.00 DKK
  Expenses:Other            1500.00 DKK

2022-06-01 * "Vuggestue - FF" "Kontooverførsel" #spiir
  spiir-id: "637896648097176429"
  Assets:Checking:Primary  -2132.00 DKK
  Assets:Transfer           2132.00 DKK

2022-06-01 * "Dagligvarer" "Kontooverførsel" #spiir
  spiir-id: "637896648097176430"
  Assets:Checking:Primary  -3500.00 DKK
  Assets:Transfer           3500.00 DKK

2022-06-01 * "Husleje" "Boliglån/husleje" #spiir
  spiir-id: "637896648097176431"
  Assets:Checking:Primary  -5000.00 DKK
  Expenses:House:Mortgage   5000.00 DKK

2022-06-01 * "iCloud Fastefæll.udgifte" "Kontooverførsel" #spiir
  spiir-id: "637896648097176432"
  Assets:Checking:Primary   69.00 DKK
  Assets:Transfer          -69.00 DKK

2022-06-01 * "Faste fællesudgifter" "Kontooverførsel" #spiir
  spiir-id: "637898433457375625"
  Assets:Checking:Fixed   500.00 DKK
  Assets:Transfer        -500.00 DKK

2022-06-01 * "Vuggestue" "Kontooverførsel" #spiir
  spiir-id: "637898433457375626"
  Assets:Checking:Fixed   2132.00 DKK
  Assets:Transfer        -2132.00 DKK

2022-06-01 * "Fast Overførsel - Patric" "Sundheds- & sygeforsikring" #spiir
  spiir-id: "637898433457844424"
  Assets:Checking:Fixed       500.00 DKK
  Expenses:Insurance:Health  -500.00 DKK

2022-06-01 * "vuggestue" "Institution" #spiir
  spiir-id: "637898433457844425"
  Assets:Checking:Fixed       2132.00 DKK
  Expenses:Kids:Institution  -2132.00 DKK

2022-06-01 * "iCloud" "Kontooverførsel" #spiir
  spiir-id: "637898433457844426"
  Assets:Checking:Fixed  -69.00 DKK
  Assets:Transfer         69.00 DKK

2022-06-01 * "Netto Backersvej Koebenhavn S" "Dagligvarer" #spiir
  spiir-id: "637898433837394326"
  Assets:Checking:Dagligvarer  -16.00 DKK
  Expenses:Food:Groceries       16.00 DKK

2022-06-01 * "Netto Backersvej Koebenhavn S" "Dagligvarer" #spiir
  spiir-id: "637898433837394327"
  Assets:Checking:Dagligvarer  -145.30 DKK
  Expenses:Food:Groceries       145.30 DKK

2022-06-01 * "Fællesudgifter" "Kontooverførsel" #spiir
  spiir-id: "637898433837394328"
  Assets:Checking:Dagligvarer   3500.00 DKK
  Assets:Transfer              -3500.00 DKK

2022-06-01 * "Fællesudgifter" "Ejerforening" #spiir
  spiir-id: "637898433837394329"
  Assets:Checking:Dagligvarer   3500.00 DKK
  Expenses:House:Association   -3500.00 DKK

2022-06-02 * "Allinge Apotek" "Apotek & medicin" #spiir
  spiir-id: "637898432933915745"
  Assets:Checking:Primary   -106.30 DKK
  Expenses:Health:Pharmacy   106.30 DKK

2022-06-02 * "telia.dk" "Telefoni & internet" #spiir
  spiir-id: "637898433457375624"
  Assets:Checking:Fixed           -249.00 DKK
  Expenses:Subscriptions:Telecom   249.00 DKK

2022-06-02 * "MobilePay Heidi Lauritzen" "" #spiir
  spiir-id: "637898433837394325"
  Assets:Checking:Dagligvarer  -25.00 DKK
  Expenses:Other                25.00 DKK

2022-06-03 * "Espresso House 22011 Hamburg" "Bar, cafe & restaurant" #spiir
  spiir-id: "637898432933915743"
  Assets:Checking:Primary   -30.90 DKK
  Expenses:Food:Restaurant   30.90 DKK

2022-06-03 * "Toolbeer.Dk Copenhagen" "Tobak & alkohol" #spiir
  spiir-id: "637898432933915744"
  Assets:Checking:Primary  -186.00 DKK
  Expenses:Food:Alcohol     186.00 DKK

2022-06-03 * "Mcdonald's Ysta Ystad" "Fastfood & takeaway" #spiir
  spiir-id: "637898433837394321"
  Assets:Checking:Dagligvarer  -131.33 DKK
  Expenses:Food:Takeaway        131.33 DKK

2022-06-03 * "Jysk Amagerbrogade D040 Koebenh" "Møbler & boligudstyr" #spiir
  spiir-id: "637898433837394322"
  Assets:Checking:Dagligvarer  -6.00 DKK
  Expenses:Shopping:Furniture   6.00 DKK

2022-06-03 * "Mc Donalds Hvidovre Hvidovre" "Fastfood & takeaway" #spiir
  spiir-id: "637898433837394323"
  Assets:Checking:Dagligvarer  -47.00 DKK
  Expenses:Food:Takeaway        47.00 DKK

2022-06-03 * "Meny Amager Koebenhavn S" "Dagligvarer" #spiir
  spiir-id: "637898433837394324"
  Assets:Checking:Dagligvarer  -55.95 DKK
  Expenses:Food:Groceries       55.95 DKK

2022-06-07 * "Molslinjen A/S" "Bar, cafe & restaurant" #spiir
  spiir-id: "637901872730658569"
  Assets:Checking:Primary   -244.00 DKK
  Expenses:Food:Restaurant   244.00 DKK

2022-06-07 * "Kbh. Kommune-Institutio" "Institution" #spiir
  spiir-id: "637901873558679719"
  Assets:Checking:Fixed      -4264.00 DKK
  Expenses:Kids:Institution   4264.00 DKK

2022-06-07 * "Diana's Bageri" "Kiosk, bager & specialbutikker" #spiir
  spiir-id: "637901874036792601"
  Assets:Checking:Dagligvarer  -59.00 DKK
  Expenses:Food:Kiosk           59.00 DKK

2022-06-07 * "Netto Backersvej" "Dagligvarer" #spiir
  spiir-id: "637901874036792602"
  Assets:Checking:Dagligvarer  -198.90 DKK
  Expenses:Food:Groceries       198.90 DKK

2022-06-07 * "Circle K Allinge" "Brændstof" #spiir
  spiir-id: "637901874036792603"
  Assets:Checking:Dagligvarer  -100.23 DKK
  Expenses:Car:Gas              100.23 DKK

2022-06-07 * "Hammerhavns Kioske" "Ferieaktiviteter" #spiir
  spiir-id: "637901874036792604"
  Assets:Checking:Dagligvarer  -165.00 DKK
  Expenses:Travel:Activities    165.00 DKK

2022-06-07 * "Netto Backersvej" "Dagligvarer" #spiir
  spiir-id: "637902758255873657"
  Assets:Checking:Dagligvarer  -93.40 DKK
  Expenses:Food:Groceries       93.40 DKK

2022-06-08 * "ZTL*Sandvig Is Kalas / Ka Allinge" "" #spiir
  spiir-id: "637902756829881510"
  Assets:Checking:Primary  -45.00 DKK
  Expenses:Other            45.00 DKK

2022-06-08 * "ZTL*Beer Here Christian S Ronne" "" #spiir
  spiir-id: "637902756829881511"
  Assets:Checking:Primary  -360.00 DKK
  Expenses:Other            360.00 DKK

2022-06-08 * "Cookbook Mount Coolum" "" #spiir
  spiir-id: "637902758255873650"
  Assets:Checking:Dagligvarer  -37.68 DKK
  Expenses:Other                37.68 DKK

2022-06-08 * "Preem Skurup" "Brændstof" #spiir
  spiir-id: "637902758255873651"
  Assets:Checking:Dagligvarer  -163.84 DKK
  Expenses:Car:Gas              163.84 DKK

2022-06-08 * "Brobizz - Oresund Kobenhavn V" "Bus, tog, færge o.l." #spiir
  spiir-id: "637902758255873652"
  Assets:Checking:Dagligvarer  -470.00 DKK
  Expenses:Transport:Public     470.00 DKK

2022-06-08 * "Brobizz - Oresund Kobenhavn V" "Bus, tog, færge o.l." #spiir
  spiir-id: "637902758255873653"
  Assets:Checking:Dagligvarer  -470.00 DKK
  Expenses:Transport:Public     470.00 DKK

2022-06-08 * "Tengda Kastrup" "" #spiir
  spiir-id: "637902758255873654"
  Assets:Checking:Dagligvarer  -348.00 DKK
  Expenses:Other                348.00 DKK

2022-06-08 * "Sandvig Is Kal Allinge" "Ferieaktiviteter" #spiir
  spiir-id: "637902758255873655"
  Assets:Checking:Dagligvarer  -70.00 DKK
  Expenses:Travel:Activities    70.00 DKK

2022-06-08 * "Aldi Oest 064 Koebenhavn S" "Dagligvarer" #spiir
  spiir-id: "637902758255873656"
  Assets:Checking:Dagligvarer  -194.22 DKK
  Expenses:Food:Groceries       194.22 DKK

2022-06-08 * "Dsb Netbutik" "Bus, tog, færge o.l." #spiir
  spiir-id: "637903585267968996"
  Assets:Checking:Primary    -89.00 DKK
  Expenses:Transport:Public   89.00 DKK

2022-06-08 * "Netto Backersvej" "Dagligvarer" #spiir
  spiir-id: "637903586729433383"
  Assets:Checking:Dagligvarer  -34.50 DKK
  Expenses:Food:Groceries       34.50 DKK

2022-06-11 * "Oriental express v/ Thanh Nguyen" "Fastfood & takeaway" #spiir
  spiir-id: "637906143090990820"
  Assets:Checking:Primary  -95.00 DKK
  Expenses:Food:Takeaway    95.00 DKK

2022-06-11 * "COOP DANMARK A/S Kiosk incl. moms" "Kiosk, bager & specialbutikker" #spiir
  spiir-id: "637906143090990821"
  Assets:Checking:Primary  -10.00 DKK
  Expenses:Food:Kiosk       10.00 DKK

2022-06-11 * "COOP DANMARK A/S Kiosk incl. moms" "Kiosk, bager & specialbutikker" #spiir
  spiir-id: "637906143090990822"
  Assets:Checking:Primary  -10.00 DKK
  Expenses:Food:Kiosk       10.00 DKK

2022-06-11 * "Uno-X - Stevnsvej 72, Strøby Egede" "Brændstof" #spiir
  spiir-id: "637906145314237604"
  Assets:Checking:Dagligvarer  -450.11 DKK
  Expenses:Car:Gas              450.11 DKK

2022-06-13 * "DMR period. afgift" "Ejerafgift/grøn afgift" #spiir
  spiir-id: "637907923971366032"
  Assets:Checking:Primary  -1365.00 DKK
  Expenses:Car:Tax          1365.00 DKK

2022-06-14 * "Ccl Strandlodsvej Koebenhavn S" "Bar, cafe & restaurant" #spiir
  spiir-id: "637907923971366030"
  Assets:Checking:Primary   -37.00 DKK
  Expenses:Food:Restaurant   37.00 DKK

2022-06-14 * "Ccl Strandlodsvej Koebenhavn S" "Bar, cafe & restaurant" #spiir
  spiir-id: "637907923971366031"
  Assets:Checking:Primary   -67.00 DKK
  Expenses:Food:Restaurant   67.00 DKK

2022-06-14 * "ZTL*EmpanadaCatering.dk A Hinneru" "" #spiir
  spiir-id: "637907925091395047"
  Assets:Checking:Dagligvarer  -79.00 DKK
  Expenses:Other                79.00 DKK

2022-06-14 * "Netto Backersvej Koebenhavn S" "Dagligvarer" #spiir
  spiir-id: "637907925091395048"
  Assets:Checking:Dagligvarer  -72.25 DKK
  Expenses:Food:Groceries       72.25 DKK

2022-06-15 * "Audible*1P7LZ0WY3 Amzn.com/bill" "" #spiir
  spiir-id: "637908826301184823"
  Assets:Checking:Primary  -124.17 DKK
  Expenses:Other            124.17 DKK

2022-06-15 * "Aldi Oest 064 Koebenhavn S" "Dagligvarer" #spiir
  spiir-id: "637908826301184824"
  Assets:Checking:Primary  -124.40 DKK
  Expenses:Food:Groceries   124.40 DKK

2022-06-15 * "Netto Backersvej Koebenhavn S" "Dagligvarer" #spiir
  spiir-id: "637908826301184825"
  Assets:Checking:Primary  -61.70 DKK
  Expenses:Food:Groceries   61.70 DKK

2022-06-15 * "Brobizz - Sbf F/S Kopenhavn V" "Bus, tog, færge o.l." #spiir
  spiir-id: "637908827691086761"
  Assets:Checking:Dagligvarer  -234.00 DKK
  Expenses:Transport:Public     234.00 DKK

2022-06-18 * "Boligportal.Dk A/S" "" #spiir
  spiir-id: "637912219413593150"
  Assets:Checking:Primary  -29.00 DKK
  Expenses:Other            29.00 DKK

2022-06-19 * "MobilePay: WeShare" "Bar, cafe & restaurant" #spiir
  spiir-id: "637913072650072584"
  Assets:Checking:Primary   -1713.71 DKK
  Expenses:Food:Restaurant   1713.71 DKK

2022-06-19 * "MobilePay: WeShare" "Bar, cafe & restaurant" #spiir
  spiir-id: "637913072650072585"
  Assets:Checking:Primary   -999.67 DKK
  Expenses:Food:Restaurant   999.67 DKK

2022-06-20 * "CCL Strandlodsvej" "Bar, cafe & restaurant" #spiir
  spiir-id: "637913072650072582"
  Assets:Checking:Primary   -200.00 DKK
  Expenses:Food:Restaurant   200.00 DKK

2022-06-20 * "Beta Boulders Copenhagen Vanloes" "Bar, cafe & restaurant" #spiir
  spiir-id: "637913072650072583"
  Assets:Checking:Primary   -45.00 DKK
  Expenses:Food:Restaurant   45.00 DKK

2022-06-20 * "Spotify" "Film, musik & læsestof" #spiir
  spiir-id: "637913073463069904"
  Assets:Checking:Fixed         -124.00 DKK
  Expenses:Entertainment:Media   124.00 DKK

2022-06-20 * "INGO København, El" "Brændstof" #spiir
  spiir-id: "637913074084304466"
  Assets:Checking:Dagligvarer  -681.94 DKK
  Expenses:Car:Gas              681.94 DKK

2022-06-21 * "Ccl Strandlodsvej Koebenhavn S" "Bar, cafe & restaurant" #spiir
  spiir-id: "637913927327470169"
  Assets:Checking:Primary   -29.60 DKK
  Expenses:Food:Restaurant   29.60 DKK

2022-06-21 * "Bootleggers Ib Aps Koebenhavn S" "" #spiir
  spiir-id: "637913927327470170"
  Assets:Checking:Primary  -65.00 DKK
  Expenses:Other            65.00 DKK

2022-06-21 * "Bootleggers Ib Aps Koebenhavn S" "" #spiir
  spiir-id: "637913927327470171"
  Assets:Checking:Primary  -45.00 DKK
  Expenses:Other            45.00 DKK

2022-06-21 * "Dianas Bageri Koebenhavn S" "Kiosk, bager & specialbutikker" #spiir
  spiir-id: "637913928139554588"
  Assets:Checking:Dagligvarer  -24.00 DKK
  Expenses:Food:Kiosk           24.00 DKK

2022-06-21 * "Fakta Strandlodsvej Koebenhavn S" "Dagligvarer" #spiir
  spiir-id: "637913928139554589"
  Assets:Checking:Dagligvarer  -23.60 DKK
  Expenses:Food:Groceries       23.60 DKK

2022-06-21 * "Netto Backersvej Koebenhavn S" "Dagligvarer" #spiir
  spiir-id: "637913928139554590"
  Assets:Checking:Dagligvarer  -68.90 DKK
  Expenses:Food:Groceries       68.90 DKK

2022-06-21 * "Itunes.Com" "Online services & software" #spiir
  spiir-id: "637913928139554591"
  Assets:Checking:Dagligvarer      -69.00 DKK
  Expenses:Subscriptions:Software   69.00 DKK

2022-06-22 * "Room Cafe Kobenhavn K" "Bar, cafe & restaurant" #spiir
  spiir-id: "637914834727833190"
  Assets:Checking:Primary   -105.00 DKK
  Expenses:Food:Restaurant   105.00 DKK

2022-06-22 * "MobilePay Line Nordstrand" "" #spiir
  spiir-id: "637915733109304111"
  Assets:Checking:Primary   500.00 DKK
  Expenses:Other           -500.00 DKK

2022-06-22 * "Sydkjærsvej" "" #spiir
  spiir-id: "637915733109304112"
  Assets:Checking:Primary  -135000.00 DKK
  Expenses:Other            135000.00 DKK

2022-06-23 * "Netto Backersvej" "Dagligvarer" #spiir
  spiir-id: "637915734514344430"
  Assets:Checking:Dagligvarer  -52.30 DKK
  Expenses:Food:Groceries       52.30 DKK

2022-06-24 * "tipster.dk 113-8" "" #spiir
  spiir-id: "637917448976257178"
  Assets:Checking:Primary  -450.00 DKK
  Expenses:Other            450.00 DKK

2022-06-27 * "ZTL*Roast Coffee ApS Kobenhavn S" "Bar, cafe & restaurant" #spiir
  spiir-id: "637919102284742771"
  Assets:Checking:Primary   -42.00 DKK
  Expenses:Food:Restaurant   42.00 DKK

2022-06-27 * "Freetrailer +4588537700" "" #spiir
  spiir-id: "637919103779489463"
  Assets:Checking:Dagligvarer  -29.00 DKK
  Expenses:Other                29.00 DKK

2022-06-28 * "Coop Kvickly Strandlodsve Koebenh" "Dagligvarer" #spiir
  spiir-id: "637919955923181740"
  Assets:Checking:Primary  -217.50 DKK
  Expenses:Food:Groceries   217.50 DKK

2022-06-28 * "Jagger Fast Food Koebmage Koebenh" "" #spiir
  spiir-id: "637919955923181741"
  Assets:Checking:Primary  -137.00 DKK
  Expenses:Other            137.00 DKK

2022-06-28 * "Bootleggers Ib Aps Koebenhavn S" "" #spiir
  spiir-id: "637919955923181742"
  Assets:Checking:Primary  -50.00 DKK
  Expenses:Other            50.00 DKK

2022-06-28 * "Boerneloppen Aps Valby" "Babyudstyr" #spiir
  spiir-id: "637919956781936312"
  Assets:Checking:Dagligvarer  -19.00 DKK
  Expenses:Kids:Baby            19.00 DKK

2022-06-28 * "Boerneloppen Aps Valby" "Babyudstyr" #spiir
  spiir-id: "637919956781936313"
  Assets:Checking:Dagligvarer  -192.50 DKK
  Expenses:Kids:Baby            192.50 DKK

2022-06-28 * "Silvan Kultorvet D866 Koebenhavn" "Ombygning & vedligehold" #spiir
  spiir-id: "637919956781936314"
  Assets:Checking:Dagligvarer  -33.95 DKK
  Expenses:House:Renovation     33.95 DKK

2022-06-28 * "Fakta Strandlodsvej Koebenhavn S" "Dagligvarer" #spiir
  spiir-id: "637919956781936315"
  Assets:Checking:Dagligvarer  -108.50 DKK
  Expenses:Food:Groceries       108.50 DKK

2022-06-28 * "Jem & Fix Taarnby Kastrup" "Ombygning & vedligehold" #spiir
  spiir-id: "637919956781936316"
  Assets:Checking:Dagligvarer  -157.00 DKK
  Expenses:House:Renovation     157.00 DKK

2022-06-29 * "Netto Backersvej Koebenhavn S" "Dagligvarer" #spiir
  spiir-id: "637920814832671662"
  Assets:Checking:Dagligvarer  -53.95 DKK
  Expenses:Food:Groceries       53.95 DKK

2022-06-30 * "Ume Asia Supermarket Kobenhavn S" "Dagligvarer" #spiir
  spiir-id: "637921706007205059"
  Assets:Checking:Dagligvarer  -43.90 DKK
  Expenses:Food:Groceries       43.90 DKK

2022-06-30 * "LIDL Koebenhavn s" "Dagligvarer" #spiir
  spiir-id: "637921706007205060"
  Assets:Checking:Dagligvarer  -19.95 DKK
  Expenses:Food:Groceries       19.95 DKK

2022-06-30 * "Interest, total balance" "Udlånsrenter" #spiir
  spiir-id: "637922613672099527"
  Assets:Checking:Primary  -740.77 DKK
  Expenses:Loans:Interest   740.77 DKK

2022-06-30 * "3´s Kortbetaling" "Telefoni & internet" #spiir
  spiir-id: "637922613672099528"
  Assets:Checking:Primary         -140.00 DKK
  Expenses:Subscriptions:Telecom   140.00 DKK

2022-06-30 * "Tinglysning af hus" "" #spiir
  spiir-id: "637922613672099529"
  Assets:Checking:Primary  -47950.00 DKK
  Expenses:Other            47950.00 DKK

2022-07-01 * "Lønoverførsel" "Løn" #spiir
  spiir-id: "637921704522478018"
  Assets:Checking:Primary   36174.33 DKK
  Income:Salary            -36174.33 DKK

2022-07-01 * "Indiegogo* Philipsu4 Tolochenaz" "" #spiir
  spiir-id: "637922613672099520"
  Assets:Checking:Primary  -4675.44 DKK
  Expenses:Other            4675.44 DKK

2022-07-01 * "Faste Fællesudgifter" "Kontooverførsel" #spiir
  spiir-id: "637922613672099521"
  Assets:Checking:Primary  -500.00 DKK
  Assets:Transfer           500.00 DKK

2022-07-01 * "Luksuskonto" "" #spiir
  spiir-id: "637922613672099522"
  Assets:Checking:Primary  -1500.00 DKK
  Expenses:Other            1500.00 DKK

2022-07-01 * "Vuggestue - FF" "Kontooverførsel" #spiir
  spiir-id: "637922613672099523"
  Assets:Checking:Primary  -2132.00 DKK
  Assets:Transfer           2132.00 DKK

2022-07-01 * "Dagligvarer" "Kontooverførsel" #spiir
  spiir-id: "637922613672099524"
  Assets:Checking:Primary  -3500.00 DKK
  Assets:Transfer           3500.00 DKK

2022-07-01 * "Husleje" "Boliglån/husleje" #spiir
  spiir-id: "637922613672099525"
  Assets:Checking:Primary  -5000.00 DKK
  Expenses:House:Mortgage   5000.00 DKK

2022-07-01 * "iCloud Fastefæll.udgifte" "Kontooverførsel" #spiir
  spiir-id: "637922613672099526"
  Assets:Checking:Primary   69.00 DKK
  Assets:Transfer          -69.00 DKK

2022-07-01 * "Faste fællesudgifter" "Kontooverførsel" #spiir
  spiir-id: "637922616000634394"
  Assets:Checking:Fixed   500.00 DKK
  Assets:Transfer        -500.00 DKK

2022-07-01 * "Vuggestue" "Kontooverførsel" #spiir
  spiir-id: "637922616000634395"
  Assets:Checking:Fixed   2132.00 DKK
  Assets:Transfer        -2132.00 DKK

2022-07-01 * "Fast Overførsel - Patric" "Sundheds- & sygeforsikring" #spiir
  spiir-id: "637922616000758616"
  Assets:Checking:Fixed       500.00 DKK
  Expenses:Insurance:Health  -500.00 DKK

2022-07-01 * "vuggestue" "Institution" #spiir
  spiir-id: "637922616000758617"
  Assets:Checking:Fixed       2132.00 DKK
  Expenses:Kids:Institution  -2132.00 DKK

2022-07-01 * "iCloud" "Kontooverførsel" #spiir
  spiir-id: "637922616000758618"
  Assets:Checking:Fixed  -69.00 DKK
  Assets:Transfer         69.00 DKK

2022-07-01 * "Aldi Oest 064 Koebenhavn S" "Dagligvarer" #spiir
  spiir-id: "637922617111262575"
  Assets:Checking:Dagligvarer  -29.95 DKK
  Expenses:Food:Groceries       29.95 DKK

2022-07-01 * "Fællesudgifter" "Kontooverførsel" #spiir
  spiir-id: "637922617111262576"
  Assets:Checking:Dagligvarer   3500.00 DKK
  Assets:Transfer              -3500.00 DKK

2022-07-01 * "Fællesudgifter" "Ejerforening" #spiir
  spiir-id: "637922617111262577"
  Assets:Checking:Dagligvarer   3500.00 DKK
  Expenses:House:Association   -3500.00 DKK

2022-07-02 * "Metro Kebaben v/Imtiaz Ahmed Raja" "Fastfood & takeaway" #spiir
  spiir-id: "637924270760829747"
  Assets:Checking:Primary  -80.00 DKK
  Expenses:Food:Takeaway    80.00 DKK

2022-07-04 * "Toolbeer.Dk Copenhagen" "Tobak & alkohol" #spiir
  spiir-id: "637925210904568815"
  Assets:Checking:Primary  -186.00 DKK
  Expenses:Food:Alcohol     186.00 DKK

2022-07-04 * "telia.dk" "Telefoni & internet" #spiir
  spiir-id: "637925211528965111"
  Assets:Checking:Fixed           -249.00 DKK
  Expenses:Subscriptions:Telecom   249.00 DKK

2022-07-04 * "Netto Backersvej Koebenhavn S" "Dagligvarer" #spiir
  spiir-id: "637925211905852829"
  Assets:Checking:Dagligvarer  -73.40 DKK
  Expenses:Food:Groceries       73.40 DKK

2022-07-04 * "Wolt Copenhagen" "Fastfood & takeaway" #spiir
  spiir-id: "637925211905852830"
  Assets:Checking:Dagligvarer  -234.00 DKK
  Expenses:Food:Takeaway        234.00 DKK

2022-07-05 * "Kbh. Kommune-Institutio" "Institution" #spiir
  spiir-id: "637926077688564303"
  Assets:Checking:Fixed      -4264.00 DKK
  Expenses:Kids:Institution   4264.00 DKK

2022-07-05 * "Freetrailer +4588537700" "" #spiir
  spiir-id: "637926078221085847"
  Assets:Checking:Dagligvarer  -29.00 DKK
  Expenses:Other                29.00 DKK

2022-07-05 * "Rema 1000 Amager Koebenhavn S" "Dagligvarer" #spiir
  spiir-id: "637926078221085848"
  Assets:Checking:Dagligvarer  -219.05 DKK
  Expenses:Food:Groceries       219.05 DKK

2022-07-05 * "Netto Backersvej Koebenhavn S" "Dagligvarer" #spiir
  spiir-id: "637926078221085849"
  Assets:Checking:Dagligvarer  -63.80 DKK
  Expenses:Food:Groceries       63.80 DKK

2022-07-05 * "ZTL*Fovl Aps Kobenhavn NV" "" #spiir
  spiir-id: "637926078221085850"
  Assets:Checking:Dagligvarer  -143.00 DKK
  Expenses:Other                143.00 DKK

2022-07-05 * "Lidl Koebenhavn s" "Dagligvarer" #spiir
  spiir-id: "637926078221085851"
  Assets:Checking:Dagligvarer  -89.30 DKK
  Expenses:Food:Groceries       89.30 DKK

2022-07-05 * "La Banchina Koebenhavn K" "Bar, cafe & restaurant" #spiir
  spiir-id: "637926078221085852"
  Assets:Checking:Dagligvarer  -35.35 DKK
  Expenses:Food:Restaurant      35.35 DKK

2022-07-05 * "Netto Backersvej Koebenhavn S" "Dagligvarer" #spiir
  spiir-id: "637926078221085853"
  Assets:Checking:Dagligvarer  -75.95 DKK
  Expenses:Food:Groceries       75.95 DKK

2022-07-05 * "Netto Backersvej Koebenhavn S" "Dagligvarer" #spiir
  spiir-id: "637926078221085854"
  Assets:Checking:Dagligvarer  -51.15 DKK
  Expenses:Food:Groceries       51.15 DKK

2022-07-05 * "Wolt Copenhagen" "Fastfood & takeaway" #spiir
  spiir-id: "637926078221085855"
  Assets:Checking:Dagligvarer  -448.00 DKK
  Expenses:Food:Takeaway        448.00 DKK

2022-07-05 * "Freetrailer +4588537700" "" #spiir
  spiir-id: "637926078221085856"
  Assets:Checking:Dagligvarer  -78.00 DKK
  Expenses:Other                78.00 DKK

2022-07-06 * "Fakta Noerrevold Koebenhavn K" "Dagligvarer" #spiir
  spiir-id: "637926947024920602"
  Assets:Checking:Dagligvarer  -96.75 DKK
  Expenses:Food:Groceries       96.75 DKK

2022-07-06 * "Irma Noerre Voldg. Koebenhavn K" "Dagligvarer" #spiir
  spiir-id: "637926947024920603"
  Assets:Checking:Dagligvarer  -59.00 DKK
  Expenses:Food:Groceries       59.00 DKK

2022-07-06 * "Netto Lyngbyvejen Hellerup" "Dagligvarer" #spiir
  spiir-id: "637926947024920604"
  Assets:Checking:Dagligvarer  -44.90 DKK
  Expenses:Food:Groceries       44.90 DKK

2022-07-06 * "Rema 1000 Kbh Koebenhavn V" "Dagligvarer" #spiir
  spiir-id: "637926947024920605"
  Assets:Checking:Dagligvarer  -42.95 DKK
  Expenses:Food:Groceries       42.95 DKK

2022-07-06 * "Tivoli A/S F&B" "Biograf, koncerter & forlystelser" #spiir
  spiir-id: "637927767911165964"
  Assets:Checking:Primary        -55.00 DKK
  Expenses:Entertainment:Events   55.00 DKK

2022-07-07 * "Rejsekort - DSB" "Bus, tog, færge o.l." #spiir
  spiir-id: "637927767911165963"
  Assets:Checking:Primary    -300.00 DKK
  Expenses:Transport:Public   300.00 DKK

2022-07-07 * "BabySam AS Koebenhavn s" "Babyudstyr" #spiir
  spiir-id: "637927769418565583"
  Assets:Checking:Dagligvarer  -119.97 DKK
  Expenses:Kids:Baby            119.97 DKK

2022-07-07 * "Netto Lyngbyvejen Hellerup" "Dagligvarer" #spiir
  spiir-id: "637927769418565584"
  Assets:Checking:Dagligvarer  -122.85 DKK
  Expenses:Food:Groceries       122.85 DKK

2022-07-07 * "Netto Jerismosevej" "Dagligvarer" #spiir
  spiir-id: "637928603919470262"
  Assets:Checking:Dagligvarer  -121.90 DKK
  Expenses:Food:Groceries       121.90 DKK

2022-07-07 * "Coffee Industri Sw" "Bar, cafe & restaurant" #spiir
  spiir-id: "637928603919470263"
  Assets:Checking:Dagligvarer  -77.00 DKK
  Expenses:Food:Restaurant      77.00 DKK

2022-07-08 * "Kultorvets Blomster Solroed Stran" "Gaver & velgørenhed" #spiir
  spiir-id: "637928603054285704"
  Assets:Checking:Primary  -25.00 DKK
  Expenses:Gifts            25.00 DKK

2022-07-08 * "Tivoli AS FB Koebenhavn vD" "Biograf, koncerter & forlystelser" #spiir
  spiir-id: "637928603919470257"
  Assets:Checking:Dagligvarer    -410.00 DKK
  Expenses:Entertainment:Events   410.00 DKK

2022-07-08 * "Netto Noerrevoldg. Koebenhavn K" "Dagligvarer" #spiir
  spiir-id: "637928603919470258"
  Assets:Checking:Dagligvarer  -64.90 DKK
  Expenses:Food:Groceries       64.90 DKK

2022-07-08 * "Netto Raadhuspladsen Koebenhavn K" "Dagligvarer" #spiir
  spiir-id: "637928603919470259"
  Assets:Checking:Dagligvarer  -39.75 DKK
  Expenses:Food:Groceries       39.75 DKK

2022-07-08 * "Tivoli Indgange Koebenhavn vD" "Biograf, koncerter & forlystelser" #spiir
  spiir-id: "637928603919470260"
  Assets:Checking:Dagligvarer    -449.00 DKK
  Expenses:Entertainment:Events   449.00 DKK

2022-07-08 * "Freetrailer +4588537700" "" #spiir
  spiir-id: "637928603919470261"
  Assets:Checking:Dagligvarer  -29.00 DKK
  Expenses:Other                29.00 DKK

2022-07-08 * "MobilePay Hoda" "" #spiir
  spiir-id: "637929509184514537"
  Assets:Checking:Primary  -500.00 DKK
  Expenses:Other            500.00 DKK

2022-07-11 * "Ingo Fredericia, S" "Brændstof" #spiir
  spiir-id: "637931257008267874"
  Assets:Checking:Dagligvarer  -389.38 DKK
  Expenses:Car:Gas              389.38 DKK

2022-07-11 * "Netto Jerismosevej Greve" "Dagligvarer" #spiir
  spiir-id: "637931257008267875"
  Assets:Checking:Dagligvarer  -8.25 DKK
  Expenses:Food:Groceries       8.25 DKK

2022-07-12 * "Don Cafecito Molfsee" "" #spiir
  spiir-id: "637932122271504854"
  Assets:Checking:Primary  -26.44 DKK
  Expenses:Other            26.44 DKK

2022-07-12 * "Citti Park Apotheke Rudel Kiel" "" #spiir
  spiir-id: "637932123530923566"
  Assets:Checking:Dagligvarer  -90.20 DKK
  Expenses:Other                90.20 DKK

2022-07-12 * "Rema 1000 Erritsoe Fredericia" "Dagligvarer" #spiir
  spiir-id: "637932123530923567"
  Assets:Checking:Dagligvarer  -74.80 DKK
  Expenses:Food:Groceries       74.80 DKK

2022-07-12 * "MCDONALDS KORSOER Korsoer" "Fastfood & takeaway" #spiir
  spiir-id: "637932123530923568"
  Assets:Checking:Dagligvarer  -79.00 DKK
  Expenses:Food:Takeaway        79.00 DKK

2022-07-12 * "Neptun Apotek Ribe Ribe" "Apotek & medicin" #spiir
  spiir-id: "637932123530923569"
  Assets:Checking:Dagligvarer  -68.25 DKK
  Expenses:Health:Pharmacy      68.25 DKK

2022-07-12 * "REWE Markt GmbH-ZW-NL Nor Flensbu" "" #spiir
  spiir-id: "637932123530923570"
  Assets:Checking:Dagligvarer  -23.26 DKK
  Expenses:Other                23.26 DKK

2022-07-12 * "Bft-Willer Kronshagen Kronshagen" "" #spiir
  spiir-id: "637932123530923571"
  Assets:Checking:Dagligvarer  -516.97 DKK
  Expenses:Other                516.97 DKK

2022-07-12 * "Freetrailer +4588537700" "" #spiir
  spiir-id: "637932123531236072"
  Assets:Checking:Dagligvarer  -574.00 DKK
  Expenses:Other                574.00 DKK

2022-07-12 * "Gasfullstation Heringsdor" "" #spiir
  spiir-id: "637932123531236073"
  Assets:Checking:Dagligvarer  -27.20 DKK
  Expenses:Other                27.20 DKK

2022-07-12 * "Scandlines Deutschland Gm Hamburg" "Bus, tog, færge o.l." #spiir
  spiir-id: "637932123531236074"
  Assets:Checking:Dagligvarer  -1065.21 DKK
  Expenses:Transport:Public     1065.21 DKK

2022-07-12 * "Citti Maerkte Kiel" "Dagligvarer" #spiir
  spiir-id: "637932123531236075"
  Assets:Checking:Dagligvarer  -276.35 DKK
  Expenses:Food:Groceries       276.35 DKK

2022-07-12 * "Citti Maerkte Kiel" "Dagligvarer" #spiir
  spiir-id: "637932123531236076"
  Assets:Checking:Dagligvarer  -22.66 DKK
  Expenses:Food:Groceries       22.66 DKK

2022-07-12 * "Aldi Sagt Danke Kiel" "Dagligvarer" #spiir
  spiir-id: "637932123531236077"
  Assets:Checking:Dagligvarer  -132.20 DKK
  Expenses:Food:Groceries       132.20 DKK

2022-07-13 * "Avia Tankstelle 104021 Heringsdor" "Brændstof" #spiir
  spiir-id: "637932931279378496"
  Assets:Checking:Dagligvarer  -82.04 DKK
  Expenses:Car:Gas              82.04 DKK

2022-07-14 * "Klinik Velvære v/Kittie Raun" "" #spiir
  spiir-id: "637933819764534095"
  Assets:Checking:Primary  -1500.00 DKK
  Expenses:Other            1500.00 DKK

2022-07-14 * "Istanbul Kebab House Vanlose" "Fastfood & takeaway" #spiir
  spiir-id: "637933820839581829"
  Assets:Checking:Dagligvarer  -28.00 DKK
  Expenses:Food:Takeaway        28.00 DKK

2022-07-14 * "Til Penta" "" #spiir
  spiir-id: "637934664487082161"
  Assets:Checking:Dagligvarer  -1750.00 DKK
  Expenses:Other                1750.00 DKK

2022-07-15 * "Audible*IQ08C09S3 Amzn.com/bill" "" #spiir
  spiir-id: "637934663463293891"
  Assets:Checking:Primary  -130.46 DKK
  Expenses:Other            130.46 DKK

2022-07-15 * "Netto Kirkegaardsvej Koebenhavn S" "Dagligvarer" #spiir
  spiir-id: "637934664487082160"
  Assets:Checking:Dagligvarer  -24.00 DKK
  Expenses:Food:Groceries       24.00 DKK

2022-07-16 * "MobilePay Tina Jensen" "" #spiir
  spiir-id: "637936363856800868"
  Assets:Checking:Primary   1713.00 DKK
  Expenses:Other           -1713.00 DKK

2022-07-16 * "WeShare: Bro" "Gaver & velgørenhed" #spiir
  spiir-id: "637936363856800869"
  Assets:Checking:Primary   600.00 DKK
  Expenses:Gifts           -600.00 DKK

2022-07-18 * "dev.bookenshelter" "Ferieaktiviteter" #spiir
  spiir-id: "637937274076812864"
  Assets:Checking:Dagligvarer  -100.00 DKK
  Expenses:Travel:Activities    100.00 DKK

2022-07-18 * "dev.bookenshelter" "Ferieaktiviteter" #spiir
  spiir-id: "637937274076812865"
  Assets:Checking:Dagligvarer  -50.00 DKK
  Expenses:Travel:Activities    50.00 DKK

2022-07-18 * "Netto Kirkegårdsve" "Dagligvarer" #spiir
  spiir-id: "637937274076812866"
  Assets:Checking:Dagligvarer  -192.85 DKK
  Expenses:Food:Groceries       192.85 DKK

2022-07-18 * "Netto Kirkegaardsvej Koebenhavn S" "Dagligvarer" #spiir
  spiir-id: "637937274076812867"
  Assets:Checking:Dagligvarer  -108.35 DKK
  Expenses:Food:Groceries       108.35 DKK

2022-07-18 * "Brobizz - Sbf S/F Kopenhavn V" "Bus, tog, færge o.l." #spiir
  spiir-id: "637937274076812868"
  Assets:Checking:Dagligvarer  -295.00 DKK
  Expenses:Transport:Public     295.00 DKK

2022-07-18 * "Vietnams Supermarked Kobenhavn S" "Dagligvarer" #spiir
  spiir-id: "637937274076812869"
  Assets:Checking:Dagligvarer  -50.00 DKK
  Expenses:Food:Groceries       50.00 DKK

2022-07-18 * "Netto Landemaerket Koebenhavn K" "Dagligvarer" #spiir
  spiir-id: "637937274076812870"
  Assets:Checking:Dagligvarer  -15.95 DKK
  Expenses:Food:Groceries       15.95 DKK

2022-07-18 * "Taste Of Taiwan R Koebenhavn K" "" #spiir
  spiir-id: "637937274076812871"
  Assets:Checking:Dagligvarer  -100.00 DKK
  Expenses:Other                100.00 DKK

2022-07-18 * "Nicecream Copenhagen ApS" "" #spiir
  spiir-id: "637938125771246871"
  Assets:Checking:Primary  -4.00 DKK
  Expenses:Other            4.00 DKK

2022-07-18 * "dev.bookenshelter" "Ferieaktiviteter" #spiir
  spiir-id: "637938127334585432"
  Assets:Checking:Dagligvarer   50.00 DKK
  Expenses:Travel:Activities   -50.00 DKK

2022-07-19 * "Www.Grospiseri.Dk Kbenhavn" "" #spiir
  spiir-id: "637938125771246869"
  Assets:Checking:Primary  -1400.00 DKK
  Expenses:Other            1400.00 DKK

2022-07-19 * "Beta Boulders Copenhagen Vanloes" "Bar, cafe & restaurant" #spiir
  spiir-id: "637938125771246870"
  Assets:Checking:Primary   -40.00 DKK
  Expenses:Food:Restaurant   40.00 DKK

2022-07-19 * "Spotify" "Film, musik & læsestof" #spiir
  spiir-id: "637938126774874869"
  Assets:Checking:Fixed         -124.00 DKK
  Expenses:Entertainment:Media   124.00 DKK

2022-07-19 * "De Hvide Boder ApS" "Dagligvarer" #spiir
  spiir-id: "637938127334585423"
  Assets:Checking:Dagligvarer  -35.00 DKK
  Expenses:Food:Groceries       35.00 DKK

2022-07-19 * "EasyPark A/S easypark.dk" "Parkering" #spiir
  spiir-id: "637938127334585424"
  Assets:Checking:Dagligvarer  -41.40 DKK
  Expenses:Car:Parking          41.40 DKK

2022-07-19 * "Take Away Mad Kobenhavn K" "Fastfood & takeaway" #spiir
  spiir-id: "637938127334585425"
  Assets:Checking:Dagligvarer  -172.90 DKK
  Expenses:Food:Takeaway        172.90 DKK

2022-07-19 * "Beta Boulders Copenhagen Vanloes" "Bar, cafe & restaurant" #spiir
  spiir-id: "637938127334585426"
  Assets:Checking:Dagligvarer  -45.00 DKK
  Expenses:Food:Restaurant      45.00 DKK

2022-07-19 * "Itunes.Com" "Online services & software" #spiir
  spiir-id: "637938127334585427"
  Assets:Checking:Dagligvarer      -79.00 DKK
  Expenses:Subscriptions:Software   79.00 DKK

2022-07-19 * "Netto Kirkegaardsvej Koebenhavn S" "Dagligvarer" #spiir
  spiir-id: "637938127334585428"
  Assets:Checking:Dagligvarer  -276.70 DKK
  Expenses:Food:Groceries       276.70 DKK

2022-07-19 * "Fakta Strandlodsvej Koebenhavn S" "Dagligvarer" #spiir
  spiir-id: "637938127334585429"
  Assets:Checking:Dagligvarer  -37.95 DKK
  Expenses:Food:Groceries       37.95 DKK

2022-07-19 * "Netto Backersvej Koebenhavn S" "Dagligvarer" #spiir
  spiir-id: "637938127334585430"
  Assets:Checking:Dagligvarer  -15.90 DKK
  Expenses:Food:Groceries       15.90 DKK

2022-07-19 * "Ingo Herjedalgade Kobenhavn S" "" #spiir
  spiir-id: "637938127334585431"
  Assets:Checking:Dagligvarer  -528.88 DKK
  Expenses:Other                528.88 DKK

2022-07-20 * "Børne- og Ungeydelse" "Børnepenge" #spiir
  spiir-id: "637939029957511019"
  Assets:Checking:Primary   2327.00 DKK
  Income:ChildBenefit      -2327.00 DKK

2022-07-20 * "ZTL*A L I C E Kobenhavn S" "Bar, cafe & restaurant" #spiir
  spiir-id: "637939031362393212"
  Assets:Checking:Dagligvarer  -214.00 DKK
  Expenses:Food:Restaurant      214.00 DKK

2022-07-20 * "Langeskov Superbrugsen Langeskov" "Dagligvarer" #spiir
  spiir-id: "637939031362393213"
  Assets:Checking:Dagligvarer  -93.75 DKK
  Expenses:Food:Groceries       93.75 DKK

2022-07-20 * "EasyPark A/S easypark.dk" "Parkering" #spiir
  spiir-id: "637939031362393214"
  Assets:Checking:Dagligvarer  -11.00 DKK
  Expenses:Car:Parking          11.00 DKK

2022-07-21 * "Dynamo" "Bar, cafe & restaurant" #spiir
  spiir-id: "637939870968437742"
  Assets:Checking:Primary   -140.00 DKK
  Expenses:Food:Restaurant   140.00 DKK

2022-07-21 * "Vester Ports Bageri Faaborg" "Kiosk, bager & specialbutikker" #spiir
  spiir-id: "637939872257554198"
  Assets:Checking:Dagligvarer  -93.00 DKK
  Expenses:Food:Kiosk           93.00 DKK

2022-07-21 * "Superbrugsen Faaborg Faaborg" "Dagligvarer" #spiir
  spiir-id: "637939872257554199"
  Assets:Checking:Dagligvarer  -135.60 DKK
  Expenses:Food:Groceries       135.60 DKK

2022-07-21 * "ZTL*Hly Lyo" "" #spiir
  spiir-id: "637939872257554200"
  Assets:Checking:Dagligvarer  -370.00 DKK
  Expenses:Other                370.00 DKK

2022-07-21 * "ZTL*Hly Lyo" "" #spiir
  spiir-id: "637939872257554201"
  Assets:Checking:Dagligvarer  -80.00 DKK
  Expenses:Other                80.00 DKK

2022-07-21 * "ZTL*Alanay Kebab I/S Faaborg" "Fastfood & takeaway" #spiir
  spiir-id: "637939872257554202"
  Assets:Checking:Dagligvarer  -130.00 DKK
  Expenses:Food:Takeaway        130.00 DKK

2022-07-21 * "Apple.Com/Bill Cork" "Online services & software" #spiir
  spiir-id: "637939872257554203"
  Assets:Checking:Dagligvarer      -69.00 DKK
  Expenses:Subscriptions:Software   69.00 DKK

2022-07-21 * "MobilePay Bente Birgitte Gaarde Chr" "" #spiir
  spiir-id: "637940751243220294"
  Assets:Checking:Primary  -206.50 DKK
  Expenses:Other            206.50 DKK

2022-07-22 * "Dynamo" "Bar, cafe & restaurant" #spiir
  spiir-id: "637940751243220291"
  Assets:Checking:Primary   -170.00 DKK
  Expenses:Food:Restaurant   170.00 DKK

2022-07-22 * "Avernakoe Havnecafe Avernakoe" "" #spiir
  spiir-id: "637940751243220292"
  Assets:Checking:Primary  -30.00 DKK
  Expenses:Other            30.00 DKK

2022-07-22 * "Lolo Bakery Og Bar Svendborg" "Bar, cafe & restaurant" #spiir
  spiir-id: "637940751243220293"
  Assets:Checking:Primary   -40.00 DKK
  Expenses:Food:Restaurant   40.00 DKK

2022-07-22 * "Vester Ports Bageri Faaborg" "Kiosk, bager & specialbutikker" #spiir
  spiir-id: "637940753172825554"
  Assets:Checking:Dagligvarer  -40.00 DKK
  Expenses:Food:Kiosk           40.00 DKK

2022-07-22 * "Vester Ports Bageri Faaborg" "Kiosk, bager & specialbutikker" #spiir
  spiir-id: "637940753172825555"
  Assets:Checking:Dagligvarer  -184.50 DKK
  Expenses:Food:Kiosk           184.50 DKK

2022-07-22 * "Ok Db Oesterbro Vester Skerni" "Brændstof" #spiir
  spiir-id: "637940753173000944"
  Assets:Checking:Dagligvarer  -346.56 DKK
  Expenses:Car:Gas              346.56 DKK

2022-07-22 * "Aeroeroegerierne Aeroeskoebing" "" #spiir
  spiir-id: "637940753173000945"
  Assets:Checking:Dagligvarer  -341.00 DKK
  Expenses:Other                341.00 DKK

2022-07-22 * "MobilePay Jan Fabricius" "" #spiir
  spiir-id: "637941583830472373"
  Assets:Checking:Primary  -190.00 DKK
  Expenses:Other            190.00 DKK

2022-07-22 * "MobilePay Dansk Røde Kors, Ærø afde" "Gaver & velgørenhed" #spiir
  spiir-id: "637941583830472374"
  Assets:Checking:Primary  -20.00 DKK
  Expenses:Gifts            20.00 DKK

2022-07-23 * "MobilePay Jeppe Kjelsmark" "" #spiir
  spiir-id: "637942464407544265"
  Assets:Checking:Primary  -80.00 DKK
  Expenses:Other            80.00 DKK

2022-07-23 * "MobilePay Teglgaarden" "" #spiir
  spiir-id: "637942465410418240"
  Assets:Checking:Dagligvarer  -32.00 DKK
  Expenses:Other                32.00 DKK

2022-07-23 * "MobilePay Ragna Friborg" "" #spiir
  spiir-id: "637942465410418241"
  Assets:Checking:Dagligvarer  -20.00 DKK
  Expenses:Other                20.00 DKK

2022-07-23 * "MobilePay Leif Hoffmann" "" #spiir
  spiir-id: "637942465410418242"
  Assets:Checking:Dagligvarer  -80.00 DKK
  Expenses:Other                80.00 DKK

2022-07-25 * "ZTL*Din Vaertinde Marstal" "" #spiir
  spiir-id: "637943302406466159"
  Assets:Checking:Primary  -25.00 DKK
  Expenses:Other            25.00 DKK

2022-07-25 * "MobilePay" "" #spiir
  spiir-id: "637943303500257223"
  Assets:Checking:Dagligvarer  -700.00 DKK
  Expenses:Other                700.00 DKK

2022-07-25 * "REMA 1000 Vindeby" "Dagligvarer" #spiir
  spiir-id: "637943303500257224"
  Assets:Checking:Dagligvarer  -51.00 DKK
  Expenses:Food:Groceries       51.00 DKK

2022-07-25 * "Aeroe Gaardbutik Uldgaard Aeroesk" "" #spiir
  spiir-id: "637943303500257225"
  Assets:Checking:Dagligvarer  -124.00 DKK
  Expenses:Other                124.00 DKK

2022-07-25 * "Brobizz - Sbf S/F Kopenhavn V" "Bus, tog, færge o.l." #spiir
  spiir-id: "637943303500413509"
  Assets:Checking:Dagligvarer  -194.00 DKK
  Expenses:Transport:Public     194.00 DKK

2022-07-25 * "ZTL*Din Vaertinde Marstal" "" #spiir
  spiir-id: "637943303500413510"
  Assets:Checking:Dagligvarer  -296.00 DKK
  Expenses:Other                296.00 DKK

2022-07-25 * "Søbygaard Søby Arø" "" #spiir
  spiir-id: "637943303500413511"
  Assets:Checking:Dagligvarer  -120.00 DKK
  Expenses:Other                120.00 DKK

2022-07-25 * "Coop Daglig Brugsen Soeby Aeroe" "Dagligvarer" #spiir
  spiir-id: "637943303500413512"
  Assets:Checking:Dagligvarer  -224.60 DKK
  Expenses:Food:Groceries       224.60 DKK

2022-07-26 * "Boutique Provence Aps Svendborg" "" #spiir
  spiir-id: "637944156814913110"
  Assets:Checking:Primary  -372.70 DKK
  Expenses:Other            372.70 DKK

2022-07-26 * "Slik Huset Korsor" "" #spiir
  spiir-id: "637944157467437383"
  Assets:Checking:Dagligvarer  -37.00 DKK
  Expenses:Other                37.00 DKK

2022-07-26 * "Cafe Lime Aps Korsor" "Bar, cafe & restaurant" #spiir
  spiir-id: "637944157467437384"
  Assets:Checking:Dagligvarer  -368.00 DKK
  Expenses:Food:Restaurant      368.00 DKK

2022-07-26 * "Nongkungsi Aps Marstal" "" #spiir
  spiir-id: "637944157467437385"
  Assets:Checking:Dagligvarer  -428.00 DKK
  Expenses:Other                428.00 DKK

2022-07-26 * "Netto Kirkegaardsvej Koebenhavn S" "Dagligvarer" #spiir
  spiir-id: "637944157467437386"
  Assets:Checking:Dagligvarer  -176.25 DKK
  Expenses:Food:Groceries       176.25 DKK

2022-07-26 * "Superbrugsen Marstal Marstal" "Dagligvarer" #spiir
  spiir-id: "637944157467437387"
  Assets:Checking:Dagligvarer  -66.50 DKK
  Expenses:Food:Groceries       66.50 DKK

2022-07-26 * "ZTL*Boppes Mokka Marstal" "" #spiir
  spiir-id: "637944157467437388"
  Assets:Checking:Dagligvarer  -40.00 DKK
  Expenses:Other                40.00 DKK

2022-07-26 * "Superbrugsen Marstal Marstal" "Dagligvarer" #spiir
  spiir-id: "637944157467437389"
  Assets:Checking:Dagligvarer  -148.60 DKK
  Expenses:Food:Groceries       148.60 DKK

2022-07-26 * "Mueis Thaifood Svendborg" "" #spiir
  spiir-id: "637944157467437390"
  Assets:Checking:Dagligvarer  -409.00 DKK
  Expenses:Other                409.00 DKK

2022-07-26 * "Fwestergaard Aps Aeroeskoebing" "" #spiir
  spiir-id: "637944157467437391"
  Assets:Checking:Dagligvarer  -54.00 DKK
  Expenses:Other                54.00 DKK

2022-07-26 * "Dunkin Donuts HGB" "Kiosk, bager & specialbutikker" #spiir
  spiir-id: "637945724696071754"
  Assets:Checking:Primary  -199.00 DKK
  Expenses:Food:Kiosk       199.00 DKK

2022-07-26 * "Yellow Bird Coffee" "Bar, cafe & restaurant" #spiir
  spiir-id: "637945724696071755"
  Assets:Checking:Primary   -37.00 DKK
  Expenses:Food:Restaurant   37.00 DKK

2022-07-26 * "Netto Kirkegårdsve" "Dagligvarer" #spiir
  spiir-id: "637945725445314047"
  Assets:Checking:Dagligvarer  -39.95 DKK
  Expenses:Food:Groceries       39.95 DKK

2022-07-26 * "Feriebudget fra luksuskon" "" #spiir
  spiir-id: "637945725445314048"
  Assets:Checking:Dagligvarer   3000.00 DKK
  Expenses:Other               -3000.00 DKK

2022-07-27 * "REMA 1000 Kbh., Ør" "Dagligvarer" #spiir
  spiir-id: "637945725445314044"
  Assets:Checking:Dagligvarer  -12.95 DKK
  Expenses:Food:Groceries       12.95 DKK

2022-07-27 * "Netto Kirkegaardsvej Koebenhavn S" "Dagligvarer" #spiir
  spiir-id: "637945725445314045"
  Assets:Checking:Dagligvarer  -165.65 DKK
  Expenses:Food:Groceries       165.65 DKK

2022-07-27 * "Brobizz - Sbf F/S Kopenhavn V" "Bus, tog, færge o.l." #spiir
  spiir-id: "637945725445314046"
  Assets:Checking:Dagligvarer  -194.00 DKK
  Expenses:Transport:Public     194.00 DKK

2022-07-28 * "Netto Kirkegaardsvej Koebenhavn S" "Dagligvarer" #spiir
  spiir-id: "637948059086510956"
  Assets:Checking:Dagligvarer  -57.00 DKK
  Expenses:Food:Groceries       57.00 DKK

2022-07-29 * "3´s Kortbetaling" "Telefoni & internet" #spiir
  spiir-id: "637948057446767964"
  Assets:Checking:Primary         -140.00 DKK
  Expenses:Subscriptions:Telecom   140.00 DKK

2022-07-29 * "Netto Kirkegaardsvej Koebenhavn S" "Dagligvarer" #spiir
  spiir-id: "637948059086510955"
  Assets:Checking:Dagligvarer  -128.95 DKK
  Expenses:Food:Groceries       128.95 DKK

2022-07-30 * "MobilePay Maria Stypsanelli" "" #spiir
  spiir-id: "637948057446767963"
  Assets:Checking:Primary  -5000.00 DKK
  Expenses:Other            5000.00 DKK

2022-08-01 * "Lønoverførsel" "Løn" #spiir
  spiir-id: "637948057446767965"
  Assets:Checking:Primary   36174.33 DKK
  Income:Salary            -36174.33 DKK

2022-08-01 * "Faste Fællesudgifter" "Kontooverførsel" #spiir
  spiir-id: "637949439435368420"
  Assets:Checking:Primary  -500.00 DKK
  Assets:Transfer           500.00 DKK

2022-08-01 * "Luksuskonto" "" #spiir
  spiir-id: "637949439435368421"
  Assets:Checking:Primary  -1500.00 DKK
  Expenses:Other            1500.00 DKK

2022-08-01 * "Vuggestue - FF" "Kontooverførsel" #spiir
  spiir-id: "637949439435368422"
  Assets:Checking:Primary  -2132.00 DKK
  Assets:Transfer           2132.00 DKK

2022-08-01 * "Dagligvarer" "Kontooverførsel" #spiir
  spiir-id: "637949439435368423"
  Assets:Checking:Primary  -3500.00 DKK
  Assets:Transfer           3500.00 DKK

2022-08-01 * "Husleje" "Boliglån/husleje" #spiir
  spiir-id: "637949439435368424"
  Assets:Checking:Primary  -5000.00 DKK
  Expenses:House:Mortgage   5000.00 DKK

2022-08-01 * "iCloud Fastefæll.udgifte" "Kontooverførsel" #spiir
  spiir-id: "637949439435368425"
  Assets:Checking:Primary   69.00 DKK
  Assets:Transfer          -69.00 DKK

2022-08-01 * "CCL Strandlodsvej" "Bar, cafe & restaurant" #spiir
  spiir-id: "637949439435368426"
  Assets:Checking:Primary   -200.00 DKK
  Expenses:Food:Restaurant   200.00 DKK

2022-08-01 * "DSB 7-Eleven Kbh H" "Kiosk, bager & specialbutikker" #spiir
  spiir-id: "637949439435368427"
  Assets:Checking:Primary  -28.00 DKK
  Expenses:Food:Kiosk       28.00 DKK

2022-08-01 * "Faste fællesudgifter" "Kontooverførsel" #spiir
  spiir-id: "637949440056636393"
  Assets:Checking:Fixed   500.00 DKK
  Assets:Transfer        -500.00 DKK

2022-08-01 * "Vuggestue" "Kontooverførsel" #spiir
  spiir-id: "637949440056636394"
  Assets:Checking:Fixed   2132.00 DKK
  Assets:Transfer        -2132.00 DKK

2022-08-01 * "Fast Overførsel - Patric" "Sundheds- & sygeforsikring" #spiir
  spiir-id: "637949440056636395"
  Assets:Checking:Fixed       500.00 DKK
  Expenses:Insurance:Health  -500.00 DKK

2022-08-01 * "vuggestue" "Institution" #spiir
  spiir-id: "637949440056636396"
  Assets:Checking:Fixed       2132.00 DKK
  Expenses:Kids:Institution  -2132.00 DKK

2022-08-01 * "iCloud" "Kontooverførsel" #spiir
  spiir-id: "637949440056636397"
  Assets:Checking:Fixed  -69.00 DKK
  Assets:Transfer         69.00 DKK

2022-08-01 * "Tryg" "Indbo- & familieforsikring" #spiir
  spiir-id: "637949440056636398"
  Assets:Checking:Fixed              -692.94 DKK
  Expenses:House:Contents-Insurance   692.94 DKK

2022-08-01 * "Tryg" "Indbo- & familieforsikring" #spiir
  spiir-id: "637949440056636399"
  Assets:Checking:Fixed              -539.26 DKK
  Expenses:House:Contents-Insurance   539.26 DKK

2022-08-01 * "Fællesudgifter" "Kontooverførsel" #spiir
  spiir-id: "637949440779013147"
  Assets:Checking:Dagligvarer   3500.00 DKK
  Assets:Transfer              -3500.00 DKK

2022-08-01 * "Fællesudgifter" "Ejerforening" #spiir
  spiir-id: "637949440779013148"
  Assets:Checking:Dagligvarer   3500.00 DKK
  Expenses:House:Association   -3500.00 DKK

2022-08-02 * "Ccl Strandlodsvej Koebenhavn S" "Bar, cafe & restaurant" #spiir
  spiir-id: "637951073577722681"
  Assets:Checking:Primary   -40.00 DKK
  Expenses:Food:Restaurant   40.00 DKK

2022-08-02 * "telia.dk" "Telefoni & internet" #spiir
  spiir-id: "637951074380883990"
  Assets:Checking:Fixed           -249.00 DKK
  Expenses:Subscriptions:Telecom   249.00 DKK

2022-08-02 * "Fakta Bremensgade Koebenhavn S" "Dagligvarer" #spiir
  spiir-id: "637951075220593254"
  Assets:Checking:Dagligvarer  -137.10 DKK
  Expenses:Food:Groceries       137.10 DKK

2022-08-02 * "Ume Asia Supermarket Kobenhavn S" "Dagligvarer" #spiir
  spiir-id: "637951075220593255"
  Assets:Checking:Dagligvarer  -157.65 DKK
  Expenses:Food:Groceries       157.65 DKK

2022-08-02 * "LIDL Koebenhavn s" "Dagligvarer" #spiir
  spiir-id: "637951075220593256"
  Assets:Checking:Dagligvarer  -90.85 DKK
  Expenses:Food:Groceries       90.85 DKK

2022-08-02 * "Fakta Bremensgade Koebenhavn S" "Dagligvarer" #spiir
  spiir-id: "637951075220593257"
  Assets:Checking:Dagligvarer  -25.00 DKK
  Expenses:Food:Groceries       25.00 DKK

2022-08-02 * "Otto Strandlodsvej Koebenhavn S" "" #spiir
  spiir-id: "637951075220593258"
  Assets:Checking:Dagligvarer  -255.00 DKK
  Expenses:Other                255.00 DKK

2022-08-03 * "Toolbeer.Dk Copenhagen" "Tobak & alkohol" #spiir
  spiir-id: "637951915281825345"
  Assets:Checking:Primary  -186.00 DKK
  Expenses:Food:Alcohol     186.00 DKK

2022-08-03 * "Parkman" "Parkering" #spiir
  spiir-id: "637951915281825346"
  Assets:Checking:Primary  -47.70 DKK
  Expenses:Car:Parking      47.70 DKK

2022-08-03 * "SuperB Chr.Havns T" "Dagligvarer" #spiir
  spiir-id: "637951915771085594"
  Assets:Checking:Dagligvarer  -16.30 DKK
  Expenses:Food:Groceries       16.30 DKK

2022-08-03 * "MobilePay Dennis og Lottes Cykler A" "Værksted & reservedele" #spiir
  spiir-id: "637951915771085595"
  Assets:Checking:Dagligvarer  -2702.00 DKK
  Expenses:Car:Service          2702.00 DKK

2022-08-03 * "Coop App 3QJL9" "Dagligvarer" #spiir
  spiir-id: "637951915771085596"
  Assets:Checking:Dagligvarer  -128.10 DKK
  Expenses:Food:Groceries       128.10 DKK

2022-08-03 * "Fakta Bremensgade Koebenhavn S" "Dagligvarer" #spiir
  spiir-id: "637951915771085597"
  Assets:Checking:Dagligvarer  -67.15 DKK
  Expenses:Food:Groceries       67.15 DKK

2022-08-03 * "AMAR Kbh S" "Bar, cafe & restaurant" #spiir
  spiir-id: "637951915771085598"
  Assets:Checking:Dagligvarer  -58.00 DKK
  Expenses:Food:Restaurant      58.00 DKK

2022-08-04 * "Fakta Bremensgade Koebenhavn S" "Dagligvarer" #spiir
  spiir-id: "637951915771085593"
  Assets:Checking:Dagligvarer  -10.70 DKK
  Expenses:Food:Groceries       10.70 DKK

2022-08-04 * "MobilePay Anemone De Caen" "" #spiir
  spiir-id: "637952800774587523"
  Assets:Checking:Dagligvarer  -300.00 DKK
  Expenses:Other                300.00 DKK

2022-08-05 * "Ida Ingeniørfore. i Danm" "Fagforening & a-kasse" #spiir
  spiir-id: "637952799460329788"
  Assets:Checking:Primary   -878.25 DKK
  Expenses:Insurance:Union   878.25 DKK

2022-08-05 * "Kbh. Kommune-Institutio" "Institution" #spiir
  spiir-id: "637952800126757246"
  Assets:Checking:Fixed      -4264.00 DKK
  Expenses:Kids:Institution   4264.00 DKK

2022-08-05 * "Stof2000 Norrevold" "Hobby & sportsudstyr" #spiir
  spiir-id: "637952800774587521"
  Assets:Checking:Dagligvarer  -119.90 DKK
  Expenses:Shopping:Sports      119.90 DKK

2022-08-05 * "Meny Amager Koebenhavn S" "Dagligvarer" #spiir
  spiir-id: "637952800774587522"
  Assets:Checking:Dagligvarer  -24.95 DKK
  Expenses:Food:Groceries       24.95 DKK

2022-08-05 * "Coop App 3ZGI2" "Dagligvarer" #spiir
  spiir-id: "637953643486581192"
  Assets:Checking:Dagligvarer  -61.95 DKK
  Expenses:Food:Groceries       61.95 DKK

2022-08-06 * "MobilePay Maria Mejnertsen" "" #spiir
  spiir-id: "637954550090595478"
  Assets:Checking:Dagligvarer  -40.00 DKK
  Expenses:Other                40.00 DKK

2022-08-08 * "Shaping New Tomorrow Cph Koebenh" "" #spiir
  spiir-id: "637955377167902149"
  Assets:Checking:Primary  -1549.00 DKK
  Expenses:Other            1549.00 DKK

2022-08-08 * "Mexican Ranger Aps Koebenhavn N" "" #spiir
  spiir-id: "637955377167902150"
  Assets:Checking:Primary  -205.03 DKK
  Expenses:Other            205.03 DKK

2022-08-08 * "OElbaren Koebenhavn n" "" #spiir
  spiir-id: "637955377167902151"
  Assets:Checking:Primary  -60.00 DKK
  Expenses:Other            60.00 DKK

2022-08-08 * "OElbaren Koebenhavn n" "" #spiir
  spiir-id: "637955377167902152"
  Assets:Checking:Primary  -40.00 DKK
  Expenses:Other            40.00 DKK

2022-08-08 * "Taste Of Taiwan R Koebenhavn K" "" #spiir
  spiir-id: "637955377167902153"
  Assets:Checking:Primary  -45.00 DKK
  Expenses:Other            45.00 DKK

2022-08-08 * "Reffen" "Bar, cafe & restaurant" #spiir
  spiir-id: "637955377857162927"
  Assets:Checking:Dagligvarer  -275.00 DKK
  Expenses:Food:Restaurant      275.00 DKK

2022-08-08 * "Coop Kvickly Stran" "Dagligvarer" #spiir
  spiir-id: "637955377857306408"
  Assets:Checking:Dagligvarer  -803.80 DKK
  Expenses:Food:Groceries       803.80 DKK

2022-08-08 * "Magasin, Kgs Nytor" "Tøj, sko & accessories" #spiir
  spiir-id: "637955377857306409"
  Assets:Checking:Dagligvarer  -248.85 DKK
  Expenses:Shopping:Clothing    248.85 DKK

2022-08-08 * "H&M DK0811 Koebenhavn K" "Tøj, sko & accessories" #spiir
  spiir-id: "637955377857306410"
  Assets:Checking:Dagligvarer  -49.95 DKK
  Expenses:Shopping:Clothing    49.95 DKK

2022-08-08 * "Bent Fisketorve Kobenhavn V" "" #spiir
  spiir-id: "637955377857306411"
  Assets:Checking:Dagligvarer  -20.00 DKK
  Expenses:Other                20.00 DKK

2022-08-08 * "Vinoble Skt. Petri Kobenhavn K" "" #spiir
  spiir-id: "637955377857306412"
  Assets:Checking:Dagligvarer  -447.00 DKK
  Expenses:Other                447.00 DKK

2022-08-09 * "Til Dagligvarer" "Kontooverførsel" #spiir
  spiir-id: "637957586466533704"
  Assets:Checking:Primary  -1500.00 DKK
  Assets:Transfer           1500.00 DKK

2022-08-09 * "Gentleman Garage Koebenhavn S" "" #spiir
  spiir-id: "637957586466533705"
  Assets:Checking:Primary  -1499.00 DKK
  Expenses:Other            1499.00 DKK

2022-08-09 * "Reffen Koebenhavn K" "Bar, cafe & restaurant" #spiir
  spiir-id: "637957586466533706"
  Assets:Checking:Primary   -97.00 DKK
  Expenses:Food:Restaurant   97.00 DKK

2022-08-09 * "Illum Koebenhavn K" "Bar, cafe & restaurant" #spiir
  spiir-id: "637957586466533707"
  Assets:Checking:Primary   -84.00 DKK
  Expenses:Food:Restaurant   84.00 DKK

2022-08-09 * "EasyPark A/S easypark.dk" "Parkering" #spiir
  spiir-id: "637957586466533708"
  Assets:Checking:Primary  -23.00 DKK
  Expenses:Car:Parking      23.00 DKK

2022-08-09 * "Reffen Koebenhavn K" "Bar, cafe & restaurant" #spiir
  spiir-id: "637957586466533709"
  Assets:Checking:Primary   -55.00 DKK
  Expenses:Food:Restaurant   55.00 DKK

2022-08-09 * "Bryllup" "Kontooverførsel" #spiir
  spiir-id: "637957586700447482"
  Assets:Checking:Dagligvarer   1500.00 DKK
  Assets:Transfer              -1500.00 DKK

2022-08-09 * "Fra Primary" "Dagligvarer" #spiir
  spiir-id: "637957586700447483"
  Assets:Checking:Dagligvarer   1500.00 DKK
  Expenses:Food:Groceries      -1500.00 DKK

2022-08-09 * "Irma Greve Strandvej Greve" "Dagligvarer" #spiir
  spiir-id: "637957586700447484"
  Assets:Checking:Dagligvarer  -10.00 DKK
  Expenses:Food:Groceries       10.00 DKK

2022-08-09 * "Netto Jerismosevej Greve" "Dagligvarer" #spiir
  spiir-id: "637957586700447485"
  Assets:Checking:Dagligvarer  -265.60 DKK
  Expenses:Food:Groceries       265.60 DKK

2022-08-09 * "Garbanzo Svaertegad Koebenhavn K" "Fastfood & takeaway" #spiir
  spiir-id: "637957586700447486"
  Assets:Checking:Dagligvarer  -218.00 DKK
  Expenses:Food:Takeaway        218.00 DKK

2022-08-09 * "Reffen Koebenhavn K" "Bar, cafe & restaurant" #spiir
  spiir-id: "637957586700447487"
  Assets:Checking:Dagligvarer  -100.00 DKK
  Expenses:Food:Restaurant      100.00 DKK

2022-08-09 * "Foetex Food Kr. Bernikows Koebenh" "Dagligvarer" #spiir
  spiir-id: "637957586700447488"
  Assets:Checking:Dagligvarer  -13.50 DKK
  Expenses:Food:Groceries       13.50 DKK

2022-08-09 * "Ftc Kbh Amager Centret, D Koebenh" "" #spiir
  spiir-id: "637957586700447489"
  Assets:Checking:Dagligvarer  -15.00 DKK
  Expenses:Other                15.00 DKK

2022-08-09 * "Broed Koebenhavn V" "Kiosk, bager & specialbutikker" #spiir
  spiir-id: "637957586700447490"
  Assets:Checking:Dagligvarer  -32.00 DKK
  Expenses:Food:Kiosk           32.00 DKK

2022-08-09 * "Andersen Bakery Koebenhavn s" "Kiosk, bager & specialbutikker" #spiir
  spiir-id: "637957586700447491"
  Assets:Checking:Dagligvarer  -540.00 DKK
  Expenses:Food:Kiosk           540.00 DKK

2022-08-09 * "Bent Fisketorve Kobenhavn V" "" #spiir
  spiir-id: "637957586700606029"
  Assets:Checking:Dagligvarer  -223.00 DKK
  Expenses:Other                223.00 DKK

2022-08-09 * "Netto Noerregade 12 Koebenhavn K" "Dagligvarer" #spiir
  spiir-id: "637957586700606030"
  Assets:Checking:Dagligvarer  -101.95 DKK
  Expenses:Food:Groceries       101.95 DKK

2022-08-09 * "Foetex Greve Center Greve" "Dagligvarer" #spiir
  spiir-id: "637957586700606031"
  Assets:Checking:Dagligvarer  -712.87 DKK
  Expenses:Food:Groceries       712.87 DKK

2022-08-09 * "Reffen Koebenhavn K" "Bar, cafe & restaurant" #spiir
  spiir-id: "637957586700606032"
  Assets:Checking:Dagligvarer  -120.00 DKK
  Expenses:Food:Restaurant      120.00 DKK

2022-08-09 * "Foetex Amager Centret Koebenhavn" "Dagligvarer" #spiir
  spiir-id: "637957586700606033"
  Assets:Checking:Dagligvarer  -52.00 DKK
  Expenses:Food:Groceries       52.00 DKK

2022-08-09 * "EasyPark A/S easypark.dk" "Parkering" #spiir
  spiir-id: "637957586700606034"
  Assets:Checking:Dagligvarer  -21.60 DKK
  Expenses:Car:Parking          21.60 DKK

2022-08-09 * "Reffen Koebenhavn K" "Bar, cafe & restaurant" #spiir
  spiir-id: "637957586700606035"
  Assets:Checking:Dagligvarer  -135.00 DKK
  Expenses:Food:Restaurant      135.00 DKK

2022-08-10 * "Ccl Strandlodsvej Koebenhavn S" "Bar, cafe & restaurant" #spiir
  spiir-id: "637957586466533703"
  Assets:Checking:Primary   -37.00 DKK
  Expenses:Food:Restaurant   37.00 DKK

2022-08-10 * "Foetex Fisketor Koebenhavn V" "Dagligvarer" #spiir
  spiir-id: "637957586700447478"
  Assets:Checking:Dagligvarer  -47.15 DKK
  Expenses:Food:Groceries       47.15 DKK

2022-08-10 * "Aarstiderne A/S Østerbro" "Kiosk, bager & specialbutikker" #spiir
  spiir-id: "637957586700447479"
  Assets:Checking:Dagligvarer  -25.00 DKK
  Expenses:Food:Kiosk           25.00 DKK

2022-08-10 * "Ingo Herjedalgade Kobenhavn S" "" #spiir
  spiir-id: "637957586700447480"
  Assets:Checking:Dagligvarer  -537.76 DKK
  Expenses:Other                537.76 DKK

2022-08-10 * "Bent Fisketorve Kobenhavn V" "" #spiir
  spiir-id: "637957586700447481"
  Assets:Checking:Dagligvarer  -25.00 DKK
  Expenses:Other                25.00 DKK

2022-08-10 * "Leje retur for 07+08" "" #spiir
  spiir-id: "637958158368297195"
  Assets:Checking:Primary   10000.00 DKK
  Expenses:Other           -10000.00 DKK

2022-08-11 * "Netto Jerismosevej Greve" "Dagligvarer" #spiir
  spiir-id: "637958159890230897"
  Assets:Checking:Dagligvarer  -44.45 DKK
  Expenses:Food:Groceries       44.45 DKK

2022-08-12 * "Fakta Strandlodsvej Koebenhavn S" "Dagligvarer" #spiir
  spiir-id: "637958901714778503"
  Assets:Checking:Dagligvarer  -24.90 DKK
  Expenses:Food:Groceries       24.90 DKK

2022-08-13 * "MobilePay Coop App" "Dagligvarer" #spiir
  spiir-id: "637960576387264807"
  Assets:Checking:Dagligvarer  -34.50 DKK
  Expenses:Food:Groceries       34.50 DKK

2022-08-13 * "MobilePay Julie Landsgrav" "" #spiir
  spiir-id: "637960576387264808"
  Assets:Checking:Dagligvarer  -50.00 DKK
  Expenses:Other                50.00 DKK

2022-08-13 * "MobilePay Sabine Wichmann Håskjold" "" #spiir
  spiir-id: "637960576387264809"
  Assets:Checking:Dagligvarer  -10.00 DKK
  Expenses:Other                10.00 DKK

2022-08-14 * "MobilePay Coop App" "Dagligvarer" #spiir
  spiir-id: "637961440384111692"
  Assets:Checking:Dagligvarer  -77.90 DKK
  Expenses:Food:Groceries       77.90 DKK

2022-08-15 * "MobilePay Dennis og Lottes Cykler A" "Værksted & reservedele" #spiir
  spiir-id: "637962347358859102"
  Assets:Checking:Dagligvarer  -558.00 DKK
  Expenses:Car:Service          558.00 DKK

2022-08-16 * "Forsendelse indiegogo" "Kontooverførsel" #spiir
  spiir-id: "637962346054262567"
  Assets:Checking:Primary  -365.00 DKK
  Assets:Transfer           365.00 DKK

2022-08-16 * "Forsendelse indiegogo" "Kontooverførsel" #spiir
  spiir-id: "637962347358721626"
  Assets:Checking:Dagligvarer   365.00 DKK
  Assets:Transfer              -365.00 DKK

2022-08-16 * "Netto Amagerbrogade Koebenhavn S" "Dagligvarer" #spiir
  spiir-id: "637962347358721627"
  Assets:Checking:Dagligvarer  -9.70 DKK
  Expenses:Food:Groceries       9.70 DKK

2022-08-16 * "Klodshans Aps Kobenhavn S" "" #spiir
  spiir-id: "637962347358721628"
  Assets:Checking:Dagligvarer  -112.00 DKK
  Expenses:Other                112.00 DKK

2022-08-16 * "Bingo 156 Kobenhavn S" "Bar, cafe & restaurant" #spiir
  spiir-id: "637962347358721629"
  Assets:Checking:Dagligvarer  -343.00 DKK
  Expenses:Food:Restaurant      343.00 DKK

2022-08-16 * "Rema 1000 Amager Koebenhavn S" "Dagligvarer" #spiir
  spiir-id: "637962347358721630"
  Assets:Checking:Dagligvarer  -63.85 DKK
  Expenses:Food:Groceries       63.85 DKK

2022-08-16 * "KEBABISTAN Koebenhavn s" "Fastfood & takeaway" #spiir
  spiir-id: "637962347358721631"
  Assets:Checking:Dagligvarer  -130.00 DKK
  Expenses:Food:Takeaway        130.00 DKK

2022-08-16 * "KEBABISTAN Koebenhavn s" "Fastfood & takeaway" #spiir
  spiir-id: "637962347358721632"
  Assets:Checking:Dagligvarer  -4.00 DKK
  Expenses:Food:Takeaway        4.00 DKK

2022-08-16 * "Lidl Koebenhavn s" "Dagligvarer" #spiir
  spiir-id: "637962347358859096"
  Assets:Checking:Dagligvarer  -62.95 DKK
  Expenses:Food:Groceries       62.95 DKK

2022-08-16 * "Fakta Bremensgade Koebenhavn S" "Dagligvarer" #spiir
  spiir-id: "637962347358859097"
  Assets:Checking:Dagligvarer  -182.10 DKK
  Expenses:Food:Groceries       182.10 DKK

2022-08-16 * "Ume Asia Supermarket Kobenhavn S" "Dagligvarer" #spiir
  spiir-id: "637962347358859098"
  Assets:Checking:Dagligvarer  -44.80 DKK
  Expenses:Food:Groceries       44.80 DKK

2022-08-16 * "Coop Kvickly Strandlodsve Koebenh" "Dagligvarer" #spiir
  spiir-id: "637962347358859099"
  Assets:Checking:Dagligvarer  -25.50 DKK
  Expenses:Food:Groceries       25.50 DKK

2022-08-16 * "Vietnams Supermarked Kobenhavn S" "Dagligvarer" #spiir
  spiir-id: "637962347358859100"
  Assets:Checking:Dagligvarer  -75.00 DKK
  Expenses:Food:Groceries       75.00 DKK

2022-08-16 * "telia.dk" "Telefoni & internet" #spiir
  spiir-id: "637962347358859101"
  Assets:Checking:Dagligvarer     -88.35 DKK
  Expenses:Subscriptions:Telecom   88.35 DKK

2022-08-16 * "Fra Luksuskonto" "" #spiir
  spiir-id: "637963231608439262"
  Assets:Checking:Dagligvarer   8543.20 DKK
  Expenses:Other               -8543.20 DKK

2022-08-18 * "Aldi Oest 064 Koebenhavn S" "Dagligvarer" #spiir
  spiir-id: "637964082192985840"
  Assets:Checking:Dagligvarer  -66.62 DKK
  Expenses:Food:Groceries       66.62 DKK

2022-08-19 * "Spotify" "Film, musik & læsestof" #spiir
  spiir-id: "637964944926592230"
  Assets:Checking:Fixed         -124.00 DKK
  Expenses:Entertainment:Media   124.00 DKK

2022-08-19 * "People Like Us Kobenhavn S" "Bar, cafe & restaurant" #spiir
  spiir-id: "637964946060379740"
  Assets:Checking:Dagligvarer  -265.00 DKK
  Expenses:Food:Restaurant      265.00 DKK

2022-08-19 * "ZTL*People Like Us Aps Kobenhavn" "Bar, cafe & restaurant" #spiir
  spiir-id: "637964946060379741"
  Assets:Checking:Dagligvarer  -40.00 DKK
  Expenses:Food:Restaurant      40.00 DKK

2022-08-21 * "MobilePay Coop App" "Dagligvarer" #spiir
  spiir-id: "637967606070565708"
  Assets:Checking:Dagligvarer  -83.35 DKK
  Expenses:Food:Groceries       83.35 DKK

2022-08-22 * "Rejsekort" "Bus, tog, færge o.l." #spiir
  spiir-id: "637967605147408153"
  Assets:Checking:Primary     180.64 DKK
  Expenses:Transport:Public  -180.64 DKK

2022-08-22 * "Tivoli A/S F&B" "Biograf, koncerter & forlystelser" #spiir
  spiir-id: "637967606070565699"
  Assets:Checking:Dagligvarer    -95.00 DKK
  Expenses:Entertainment:Events   95.00 DKK

2022-08-22 * "REMA 1000 Frb" "Dagligvarer" #spiir
  spiir-id: "637967606070565700"
  Assets:Checking:Dagligvarer  -100.50 DKK
  Expenses:Food:Groceries       100.50 DKK

2022-08-22 * "Coop App 6JLSL" "Dagligvarer" #spiir
  spiir-id: "637967606070565701"
  Assets:Checking:Dagligvarer  -172.45 DKK
  Expenses:Food:Groceries       172.45 DKK

2022-08-22 * "Føtex Amagercent" "Dagligvarer" #spiir
  spiir-id: "637967606070565702"
  Assets:Checking:Dagligvarer  -12.50 DKK
  Expenses:Food:Groceries       12.50 DKK

2022-08-22 * "Normal A/S" "Dagligvarer" #spiir
  spiir-id: "637967606070565703"
  Assets:Checking:Dagligvarer  -144.00 DKK
  Expenses:Food:Groceries       144.00 DKK

2022-08-22 * "Normal A/S" "Dagligvarer" #spiir
  spiir-id: "637967606070565704"
  Assets:Checking:Dagligvarer   18.00 DKK
  Expenses:Food:Groceries      -18.00 DKK

2022-08-22 * "Silvan Kultorvet D" "Ombygning & vedligehold" #spiir
  spiir-id: "637967606070565705"
  Assets:Checking:Dagligvarer  -39.95 DKK
  Expenses:House:Renovation     39.95 DKK

2022-08-22 * "Netto Kantatevej Herlev" "Dagligvarer" #spiir
  spiir-id: "637967606070565706"
  Assets:Checking:Dagligvarer  -40.50 DKK
  Expenses:Food:Groceries       40.50 DKK

2022-08-22 * "Itunes.Com" "Online services & software" #spiir
  spiir-id: "637967606070565707"
  Assets:Checking:Dagligvarer      -69.00 DKK
  Expenses:Subscriptions:Software   69.00 DKK

2022-08-22 * "lavpris-laase.dk" "Ombygning & vedligehold" #spiir
  spiir-id: "637968398597743588"
  Assets:Checking:Dagligvarer  -168.25 DKK
  Expenses:House:Renovation     168.25 DKK

2022-08-23 * "Ume Asia Supermarket Kobenhavn S" "Dagligvarer" #spiir
  spiir-id: "637968398597743581"
  Assets:Checking:Dagligvarer  -232.25 DKK
  Expenses:Food:Groceries       232.25 DKK

2022-08-23 * "Dvh Cph Aps Kobenhavn K" "" #spiir
  spiir-id: "637968398597743582"
  Assets:Checking:Dagligvarer  -48.00 DKK
  Expenses:Other                48.00 DKK

2022-08-23 * "Mad & Kaffe Koebenhavn S" "Bar, cafe & restaurant" #spiir
  spiir-id: "637968398597743583"
  Assets:Checking:Dagligvarer  -356.00 DKK
  Expenses:Food:Restaurant      356.00 DKK

2022-08-23 * "Mad & Kaffe Koebenhavn S" "Bar, cafe & restaurant" #spiir
  spiir-id: "637968398597743584"
  Assets:Checking:Dagligvarer  -46.00 DKK
  Expenses:Food:Restaurant      46.00 DKK

2022-08-23 * "Laege Una Hvidovre" "" #spiir
  spiir-id: "637968398597743585"
  Assets:Checking:Dagligvarer  -50.00 DKK
  Expenses:Other                50.00 DKK

2022-08-23 * "Seij Food Aps Kobenhavn S" "" #spiir
  spiir-id: "637968398597743586"
  Assets:Checking:Dagligvarer  -69.50 DKK
  Expenses:Other                69.50 DKK

2022-08-23 * "Shawarma Kebap Palace K benhavn K" "Fastfood & takeaway" #spiir
  spiir-id: "637968398597743587"
  Assets:Checking:Dagligvarer  -203.00 DKK
  Expenses:Food:Takeaway        203.00 DKK

2022-08-23 * "GJENSIDIGE Ejerskift" "" #spiir
  spiir-id: "637969275556907102"
  Assets:Checking:Primary  -28264.98 DKK
  Expenses:Other            28264.98 DKK

2022-08-23 * "Netto Sadolinparke" "Dagligvarer" #spiir
  spiir-id: "637969276931340502"
  Assets:Checking:Dagligvarer  -138.45 DKK
  Expenses:Food:Groceries       138.45 DKK

2022-08-24 * "Vuggestue" "Institution" #spiir
  spiir-id: "637969276102893521"
  Assets:Checking:Fixed      -1576.40 DKK
  Expenses:Kids:Institution   1576.40 DKK

2022-08-24 * "Fakta Bremensgade Koebenhavn S" "Dagligvarer" #spiir
  spiir-id: "637969276931340500"
  Assets:Checking:Dagligvarer  -49.95 DKK
  Expenses:Food:Groceries       49.95 DKK

2022-08-24 * "MobilePay Metro Kebaben v/Imtiaz Ah" "Bar, cafe & restaurant" #spiir
  spiir-id: "637970164368611602"
  Assets:Checking:Dagligvarer  -120.00 DKK
  Expenses:Food:Restaurant      120.00 DKK

2022-08-26 * "Netto Amagerbrogade Koebenhavn S" "Dagligvarer" #spiir
  spiir-id: "637970973338333117"
  Assets:Checking:Dagligvarer  -84.00 DKK
  Expenses:Food:Groceries       84.00 DKK

2022-08-29 * "Udl. kortbetaling, 1.50% af DKK -72" "" #spiir
  spiir-id: "637973570313733923"
  Assets:Checking:Primary  -10.81 DKK
  Expenses:Other            10.81 DKK

2022-08-29 * "Obsidian.Md Oakville" "" #spiir
  spiir-id: "637973570313733924"
  Assets:Checking:Primary  -720.55 DKK
  Expenses:Other            720.55 DKK

2022-08-29 * "Rema 1000 Kbh., Oeresunds Koebenh" "Dagligvarer" #spiir
  spiir-id: "637973571364393566"
  Assets:Checking:Dagligvarer  -41.00 DKK
  Expenses:Food:Groceries       41.00 DKK

2022-08-29 * "Cracey.Dk Greve" "" #spiir
  spiir-id: "637973571364393567"
  Assets:Checking:Dagligvarer  -418.20 DKK
  Expenses:Other                418.20 DKK

2022-08-29 * "Cheungs Grill V/Chin Hong Koebenh" "Fastfood & takeaway" #spiir
  spiir-id: "637973571364393568"
  Assets:Checking:Dagligvarer  -96.00 DKK
  Expenses:Food:Takeaway        96.00 DKK

2022-08-30 * "Foetex Greve Center Greve" "Dagligvarer" #spiir
  spiir-id: "637974428433411174"
  Assets:Checking:Dagligvarer  -446.00 DKK
  Expenses:Food:Groceries       446.00 DKK

2022-08-30 * "A L I C E Kobenhavn S" "Bar, cafe & restaurant" #spiir
  spiir-id: "637974428433411175"
  Assets:Checking:Dagligvarer  -80.00 DKK
  Expenses:Food:Restaurant      80.00 DKK

2022-08-30 * "Amager Strand Apotek Koebenhavn S" "Apotek & medicin" #spiir
  spiir-id: "637974428433411176"
  Assets:Checking:Dagligvarer  -132.50 DKK
  Expenses:Health:Pharmacy      132.50 DKK

2022-08-30 * "Indiegogoscreeneou4 Tolochenaz" "" #spiir
  spiir-id: "637974428433411177"
  Assets:Checking:Dagligvarer  -1515.74 DKK
  Expenses:Other                1515.74 DKK

2022-08-30 * "Irma Greve Strandvej Greve" "Dagligvarer" #spiir
  spiir-id: "637974428433411178"
  Assets:Checking:Dagligvarer  -79.00 DKK
  Expenses:Food:Groceries       79.00 DKK

2022-08-30 * "Netto Jerismosevej Greve" "Dagligvarer" #spiir
  spiir-id: "637974428433411179"
  Assets:Checking:Dagligvarer  -25.00 DKK
  Expenses:Food:Groceries       25.00 DKK

2022-08-30 * "Netto Jerismosevej Greve" "Dagligvarer" #spiir
  spiir-id: "637974428433411180"
  Assets:Checking:Dagligvarer  -83.00 DKK
  Expenses:Food:Groceries       83.00 DKK

2022-09-01 * "Lønoverførsel" "Løn" #spiir
  spiir-id: "637975262362650746"
  Assets:Checking:Primary   37053.81 DKK
  Income:Salary            -37053.81 DKK

2022-09-01 * "Holms Bager Kobenhavn K" "Kiosk, bager & specialbutikker" #spiir
  spiir-id: "637976119873697712"
  Assets:Checking:Primary  -276.00 DKK
  Expenses:Food:Kiosk       276.00 DKK

2022-09-01 * "Faste Fællesudgifter" "Kontooverførsel" #spiir
  spiir-id: "637976119873697713"
  Assets:Checking:Primary  -500.00 DKK
  Assets:Transfer           500.00 DKK

2022-09-01 * "Luksuskonto" "" #spiir
  spiir-id: "637976119873697714"
  Assets:Checking:Primary  -1500.00 DKK
  Expenses:Other            1500.00 DKK

2022-09-01 * "Vuggestue - FF" "Kontooverførsel" #spiir
  spiir-id: "637976119873697715"
  Assets:Checking:Primary  -2132.00 DKK
  Assets:Transfer           2132.00 DKK

2022-09-01 * "Dagligvarer" "Kontooverførsel" #spiir
  spiir-id: "637976119873697716"
  Assets:Checking:Primary  -3500.00 DKK
  Assets:Transfer           3500.00 DKK

2022-09-01 * "iCloud Fastefæll.udgifte" "Kontooverførsel" #spiir
  spiir-id: "637976119873697717"
  Assets:Checking:Primary   69.00 DKK
  Assets:Transfer          -69.00 DKK

2022-09-01 * "Tryg" "Indbo- & familieforsikring" #spiir
  spiir-id: "637976121265154775"
  Assets:Checking:Fixed              -160.14 DKK
  Expenses:House:Contents-Insurance   160.14 DKK

2022-09-01 * "Faste fællesudgifter" "Kontooverførsel" #spiir
  spiir-id: "637976121265154776"
  Assets:Checking:Fixed   500.00 DKK
  Assets:Transfer        -500.00 DKK

2022-09-01 * "Vuggestue" "Kontooverførsel" #spiir
  spiir-id: "637976121265154777"
  Assets:Checking:Fixed   2132.00 DKK
  Assets:Transfer        -2132.00 DKK

2022-09-01 * "Fast Overførsel - Patric" "Sundheds- & sygeforsikring" #spiir
  spiir-id: "637976121265154778"
  Assets:Checking:Fixed       500.00 DKK
  Expenses:Insurance:Health  -500.00 DKK

2022-09-01 * "vuggestue" "Institution" #spiir
  spiir-id: "637976121265154779"
  Assets:Checking:Fixed       2132.00 DKK
  Expenses:Kids:Institution  -2132.00 DKK

2022-09-01 * "iCloud" "Kontooverførsel" #spiir
  spiir-id: "637976121265154780"
  Assets:Checking:Fixed  -69.00 DKK
  Assets:Transfer         69.00 DKK

2022-09-01 * "Fællesudgifter" "Kontooverførsel" #spiir
  spiir-id: "637976121726729427"
  Assets:Checking:Dagligvarer   3500.00 DKK
  Assets:Transfer              -3500.00 DKK

2022-09-01 * "Fællesudgifter" "Ejerforening" #spiir
  spiir-id: "637976121726729428"
  Assets:Checking:Dagligvarer   3500.00 DKK
  Expenses:House:Association   -3500.00 DKK

2022-09-01 * "MobilePay Express-Flyt" "" #spiir
  spiir-id: "637977028261892632"
  Assets:Checking:Dagligvarer  -1698.00 DKK
  Expenses:Other                1698.00 DKK

2022-09-02 * "MobilePay Lasse Østergaard" "" #spiir
  spiir-id: "637977027094187882"
  Assets:Checking:Primary   5000.00 DKK
  Expenses:Other           -5000.00 DKK

2022-09-02 * "Fai Market Kobenhavn N" "Kiosk, bager & specialbutikker" #spiir
  spiir-id: "637977028261892631"
  Assets:Checking:Dagligvarer  -10.00 DKK
  Expenses:Food:Kiosk           10.00 DKK

2022-09-02 * "Coop App 8I2YW" "Dagligvarer" #spiir
  spiir-id: "637977850860131856"
  Assets:Checking:Dagligvarer  -32.00 DKK
  Expenses:Food:Groceries       32.00 DKK

2022-09-03 * "MobilePay Tina Jensen" "" #spiir
  spiir-id: "637978721469255914"
  Assets:Checking:Dagligvarer  -2001.25 DKK
  Expenses:Other                2001.25 DKK

2022-09-05 * "Kbh. Kommune-Institutio" "Institution" #spiir
  spiir-id: "637979621668665016"
  Assets:Checking:Fixed      -2132.00 DKK
  Expenses:Kids:Institution   2132.00 DKK

2022-09-05 * "MobilePay ZAGGIS" "Bar, cafe & restaurant" #spiir
  spiir-id: "637979622025254644"
  Assets:Checking:Dagligvarer  -30.00 DKK
  Expenses:Food:Restaurant      30.00 DKK

2022-09-05 * "Jagger Vejle" "" #spiir
  spiir-id: "637979622025254645"
  Assets:Checking:Dagligvarer  -397.00 DKK
  Expenses:Other                397.00 DKK

2022-09-05 * "Pelican Self Storage Amag Amagerb" "" #spiir
  spiir-id: "637979622025254646"
  Assets:Checking:Dagligvarer  -37.95 DKK
  Expenses:Other                37.95 DKK

2022-09-05 * "Coop Kvickly Strandlodsve Koebenh" "Dagligvarer" #spiir
  spiir-id: "637979622025254647"
  Assets:Checking:Dagligvarer  -79.20 DKK
  Expenses:Food:Groceries       79.20 DKK

2022-09-05 * "Coop Kvickly Strandlodsve Koebenh" "Dagligvarer" #spiir
  spiir-id: "637979622025254648"
  Assets:Checking:Dagligvarer  -44.00 DKK
  Expenses:Food:Groceries       44.00 DKK

2022-09-05 * "Lidl Valby" "Dagligvarer" #spiir
  spiir-id: "637979622025254649"
  Assets:Checking:Dagligvarer  -366.60 DKK
  Expenses:Food:Groceries       366.60 DKK

2022-09-05 * "ZTL*A L I C E Kobenhavn S" "Bar, cafe & restaurant" #spiir
  spiir-id: "637979622025254650"
  Assets:Checking:Dagligvarer  -120.00 DKK
  Expenses:Food:Restaurant      120.00 DKK

2022-09-05 * "ALDI Øst" "Dagligvarer" #spiir
  spiir-id: "637980432551927407"
  Assets:Checking:Dagligvarer  -22.00 DKK
  Expenses:Food:Groceries       22.00 DKK

2022-09-05 * "ALDI Øst" "Dagligvarer" #spiir
  spiir-id: "637980432551927408"
  Assets:Checking:Dagligvarer  -32.00 DKK
  Expenses:Food:Groceries       32.00 DKK

2022-09-06 * "Gg Ivs Koebenhavn Sv" "" #spiir
  spiir-id: "637980431247044886"
  Assets:Checking:Primary  -85.00 DKK
  Expenses:Other            85.00 DKK

2022-09-06 * "Toolbeer.Dk Copenhagen" "Tobak & alkohol" #spiir
  spiir-id: "637980431247201145"
  Assets:Checking:Primary  -190.00 DKK
  Expenses:Food:Alcohol     190.00 DKK

2022-09-06 * "Fdb Kvickly Hvidovre Hvidovre" "Dagligvarer" #spiir
  spiir-id: "637980432551927396"
  Assets:Checking:Dagligvarer  -162.85 DKK
  Expenses:Food:Groceries       162.85 DKK

2022-09-06 * "Bauhaus Valby Koebenhavn Sv" "Ombygning & vedligehold" #spiir
  spiir-id: "637980432551927397"
  Assets:Checking:Dagligvarer  -74.90 DKK
  Expenses:House:Renovation     74.90 DKK

2022-09-06 * "Gg Ivs Koebenhavn Sv" "" #spiir
  spiir-id: "637980432551927398"
  Assets:Checking:Dagligvarer  -90.00 DKK
  Expenses:Other                90.00 DKK

2022-09-06 * "Bauhaus Valby Koebenhavn Sv" "Ombygning & vedligehold" #spiir
  spiir-id: "637980432551927399"
  Assets:Checking:Dagligvarer  -2246.05 DKK
  Expenses:House:Renovation     2246.05 DKK

2022-09-06 * "Ravello Pizza Hvidovre" "Fastfood & takeaway" #spiir
  spiir-id: "637980432551927400"
  Assets:Checking:Dagligvarer  -251.00 DKK
  Expenses:Food:Takeaway        251.00 DKK

2022-09-06 * "Fakta 409 Hvidovre" "Dagligvarer" #spiir
  spiir-id: "637980432551927401"
  Assets:Checking:Dagligvarer  -42.25 DKK
  Expenses:Food:Groceries       42.25 DKK

2022-09-06 * "Fakta 318 Valby" "Dagligvarer" #spiir
  spiir-id: "637980432551927402"
  Assets:Checking:Dagligvarer  -230.00 DKK
  Expenses:Food:Groceries       230.00 DKK

2022-09-06 * "Bauhaus Valby Koebenhavn Sv" "Ombygning & vedligehold" #spiir
  spiir-id: "637980432551927403"
  Assets:Checking:Dagligvarer  -974.10 DKK
  Expenses:House:Renovation     974.10 DKK

2022-09-06 * "Kirppu Valby Valby" "" #spiir
  spiir-id: "637980432551927404"
  Assets:Checking:Dagligvarer  -25.00 DKK
  Expenses:Other                25.00 DKK

2022-09-06 * "Lidl Valby" "Dagligvarer" #spiir
  spiir-id: "637980432551927405"
  Assets:Checking:Dagligvarer  -389.35 DKK
  Expenses:Food:Groceries       389.35 DKK

2022-09-06 * "Ingo Vigerslev Alle Valby" "" #spiir
  spiir-id: "637980432551927406"
  Assets:Checking:Dagligvarer  -347.62 DKK
  Expenses:Other                347.62 DKK

2022-09-06 * "Refusionsopgørelse" "Andre boligudgifter" #spiir
  spiir-id: "637981301106410743"
  Assets:Checking:Primary  -3096.41 DKK
  Expenses:House:Other      3096.41 DKK

2022-09-06 * "Tryg" "Indbo- & familieforsikring" #spiir
  spiir-id: "637981301106410744"
  Assets:Checking:Primary             76.84 DKK
  Expenses:House:Contents-Insurance  -76.84 DKK

2022-09-06 * "Fra Luksuskonto" "" #spiir
  spiir-id: "637981302528494087"
  Assets:Checking:Dagligvarer   3000.00 DKK
  Expenses:Other               -3000.00 DKK

2022-09-07 * "EasyPark A/S easypark.dk" "Parkering" #spiir
  spiir-id: "637981302528337529"
  Assets:Checking:Dagligvarer  -6.50 DKK
  Expenses:Car:Parking          6.50 DKK

2022-09-07 * "EasyPark A/S easypark.dk" "Parkering" #spiir
  spiir-id: "637981302528337530"
  Assets:Checking:Dagligvarer  -29.35 DKK
  Expenses:Car:Parking          29.35 DKK

2022-09-07 * "Apoteket Sundby Kobenhavn S" "Apotek & medicin" #spiir
  spiir-id: "637981302528337531"
  Assets:Checking:Dagligvarer  -22.10 DKK
  Expenses:Health:Pharmacy      22.10 DKK

2022-09-07 * "LIDL Koebenhavn s" "Dagligvarer" #spiir
  spiir-id: "637981302528337532"
  Assets:Checking:Dagligvarer  -176.90 DKK
  Expenses:Food:Groceries       176.90 DKK

2022-09-07 * "Ume Asia Supermarket Kobenhavn S" "Dagligvarer" #spiir
  spiir-id: "637981302528337533"
  Assets:Checking:Dagligvarer  -101.60 DKK
  Expenses:Food:Groceries       101.60 DKK

2022-09-07 * "Vietnams Supermarked Kobenhavn S" "Dagligvarer" #spiir
  spiir-id: "637981302528337534"
  Assets:Checking:Dagligvarer  -354.75 DKK
  Expenses:Food:Groceries       354.75 DKK

2022-09-07 * "Fakta Strandlodsvej Koebenhavn S" "Dagligvarer" #spiir
  spiir-id: "637981302528494084"
  Assets:Checking:Dagligvarer  -31.20 DKK
  Expenses:Food:Groceries       31.20 DKK

2022-09-07 * "EasyPark A/S easypark.dk" "Parkering" #spiir
  spiir-id: "637981302528494085"
  Assets:Checking:Dagligvarer  -5.75 DKK
  Expenses:Car:Parking          5.75 DKK

2022-09-07 * "EasyPark A/S easypark.dk" "Parkering" #spiir
  spiir-id: "637981302528494086"
  Assets:Checking:Dagligvarer  -9.00 DKK
  Expenses:Car:Parking          9.00 DKK

2022-09-07 * "Tivoli A/S F&B" "Biograf, koncerter & forlystelser" #spiir
  spiir-id: "637982225528954657"
  Assets:Checking:Dagligvarer    -38.00 DKK
  Expenses:Entertainment:Events   38.00 DKK

2022-09-07 * "Web Nordic A/S" "Apotek & medicin" #spiir
  spiir-id: "637982225528954658"
  Assets:Checking:Dagligvarer  -273.80 DKK
  Expenses:Health:Pharmacy      273.80 DKK

2022-09-08 * "Roast Coffee A Kobenhavn S" "Bar, cafe & restaurant" #spiir
  spiir-id: "637982223826079177"
  Assets:Checking:Primary   -68.00 DKK
  Expenses:Food:Restaurant   68.00 DKK

2022-09-08 * "Roast Coffee A Kobenhavn S" "Bar, cafe & restaurant" #spiir
  spiir-id: "637982223826079178"
  Assets:Checking:Primary   -42.00 DKK
  Expenses:Food:Restaurant   42.00 DKK

2022-09-08 * "Restaurant Gemini Koebenhavn V" "Bar, cafe & restaurant" #spiir
  spiir-id: "637982225528954654"
  Assets:Checking:Dagligvarer  -283.00 DKK
  Expenses:Food:Restaurant      283.00 DKK

2022-09-08 * "Lidl" "Dagligvarer" #spiir
  spiir-id: "637982225528954655"
  Assets:Checking:Dagligvarer  -46.10 DKK
  Expenses:Food:Groceries       46.10 DKK

2022-09-08 * "Lidl" "Dagligvarer" #spiir
  spiir-id: "637982225528954656"
  Assets:Checking:Dagligvarer  -9.95 DKK
  Expenses:Food:Groceries       9.95 DKK

2022-09-08 * "Overført" "" #spiir
  spiir-id: "637983062080891679"
  Assets:Checking:Primary   1756.30 DKK
  Expenses:Other           -1756.30 DKK

2022-09-09 * "Ume Asia Supermarket Kobenhavn V" "Dagligvarer" #spiir
  spiir-id: "637983063675498723"
  Assets:Checking:Dagligvarer  -47.80 DKK
  Expenses:Food:Groceries       47.80 DKK

2022-09-09 * "Kft 1 Aps Koebenhavn V" "Dagligvarer" #spiir
  spiir-id: "637983063675498724"
  Assets:Checking:Dagligvarer  -24.50 DKK
  Expenses:Food:Groceries       24.50 DKK

2022-09-09 * "power.dk" "Elektronik & computerudstyr" #spiir
  spiir-id: "637983898746844787"
  Assets:Checking:Dagligvarer    -379.00 DKK
  Expenses:Shopping:Electronics   379.00 DKK

2022-09-09 * "power.dk" "Elektronik & computerudstyr" #spiir
  spiir-id: "637983898746844788"
  Assets:Checking:Dagligvarer    -1049.00 DKK
  Expenses:Shopping:Electronics   1049.00 DKK

2022-09-11 * "MobilePay SCLEROSEINDSAMLINGEN" "Gaver & velgørenhed" #spiir
  spiir-id: "637985649773029330"
  Assets:Checking:Dagligvarer  -45.00 DKK
  Expenses:Gifts                45.00 DKK

2022-09-12 * "Amager Strand Apotek Koebenhavn S" "Apotek & medicin" #spiir
  spiir-id: "637985648570947375"
  Assets:Checking:Primary   -164.50 DKK
  Expenses:Health:Pharmacy   164.50 DKK

2022-09-12 * "Ccl Strandlodsvej Koebenhavn S" "Bar, cafe & restaurant" #spiir
  spiir-id: "637985648570947376"
  Assets:Checking:Primary   -37.00 DKK
  Expenses:Food:Restaurant   37.00 DKK

2022-09-12 * "MobilePay" "" #spiir
  spiir-id: "637985649773029324"
  Assets:Checking:Dagligvarer  -500.00 DKK
  Expenses:Other                500.00 DKK

2022-09-12 * "MobilePay" "" #spiir
  spiir-id: "637985649773029325"
  Assets:Checking:Dagligvarer  -500.00 DKK
  Expenses:Other                500.00 DKK

2022-09-12 * "LIDL Vallensbaek" "Dagligvarer" #spiir
  spiir-id: "637985649773029326"
  Assets:Checking:Dagligvarer  -197.05 DKK
  Expenses:Food:Groceries       197.05 DKK

2022-09-12 * "Kirppu Glostrup Glostrup" "" #spiir
  spiir-id: "637985649773029327"
  Assets:Checking:Dagligvarer  -123.00 DKK
  Expenses:Other                123.00 DKK

2022-09-12 * "Magasin Kgs. Nytorv Koebenhavn K" "Tøj, sko & accessories" #spiir
  spiir-id: "637985649773029328"
  Assets:Checking:Dagligvarer  -199.95 DKK
  Expenses:Shopping:Clothing    199.95 DKK

2022-09-12 * "Freetrailer +4588537700" "" #spiir
  spiir-id: "637985649773029329"
  Assets:Checking:Dagligvarer  -78.00 DKK
  Expenses:Other                78.00 DKK

2022-09-13 * "Til Dagligvarer" "Kontooverførsel" #spiir
  spiir-id: "637987386736371057"
  Assets:Checking:Primary  -3000.00 DKK
  Assets:Transfer           3000.00 DKK

2022-09-13 * "Warpigs Brewpub Koebenhavn V" "Bar, cafe & restaurant" #spiir
  spiir-id: "637987386736371058"
  Assets:Checking:Primary   -316.00 DKK
  Expenses:Food:Restaurant   316.00 DKK

2022-09-13 * "Fra Primary" "Kontooverførsel" #spiir
  spiir-id: "637987388232058072"
  Assets:Checking:Dagligvarer   3000.00 DKK
  Assets:Transfer              -3000.00 DKK

2022-09-13 * "Fra Lee Ann Hollesen" "Dagligvarer" #spiir
  spiir-id: "637987388232058073"
  Assets:Checking:Dagligvarer   3000.00 DKK
  Expenses:Food:Groceries      -3000.00 DKK

2022-09-13 * "tipster.dk 675-7" "" #spiir
  spiir-id: "637987388232058074"
  Assets:Checking:Dagligvarer  -150.00 DKK
  Expenses:Other                150.00 DKK

2022-09-13 * "Foetex Hvidovrevej Hvidovre" "Dagligvarer" #spiir
  spiir-id: "637987388232058075"
  Assets:Checking:Dagligvarer  -278.45 DKK
  Expenses:Food:Groceries       278.45 DKK

2022-09-13 * "Freetrailer +4588537700" "" #spiir
  spiir-id: "637987388232058076"
  Assets:Checking:Dagligvarer  -78.00 DKK
  Expenses:Other                78.00 DKK

2022-09-13 * "Coop Kvickly Strandlodsve Koebenh" "Dagligvarer" #spiir
  spiir-id: "637987388232058077"
  Assets:Checking:Dagligvarer   1.50 DKK
  Expenses:Food:Groceries      -1.50 DKK

2022-09-13 * "Coop Kvickly Strandlodsve Koebenh" "Dagligvarer" #spiir
  spiir-id: "637987388232058078"
  Assets:Checking:Dagligvarer  -20.00 DKK
  Expenses:Food:Groceries       20.00 DKK

2022-09-13 * "Coop Kvickly Strandlodsve Koebenh" "Dagligvarer" #spiir
  spiir-id: "637987388232058079"
  Assets:Checking:Dagligvarer  -149.90 DKK
  Expenses:Food:Groceries       149.90 DKK

2022-09-13 * "Bauhaus Valby Koebenhavn Sv" "Ombygning & vedligehold" #spiir
  spiir-id: "637987388232058080"
  Assets:Checking:Dagligvarer  -234.90 DKK
  Expenses:House:Renovation     234.90 DKK

2022-09-13 * "Det Gyldne Broed Greve Greve" "" #spiir
  spiir-id: "637987388232058081"
  Assets:Checking:Dagligvarer  -57.00 DKK
  Expenses:Other                57.00 DKK

2022-09-13 * "Ingo Ellebjergvej Kobenhavn Sv" "" #spiir
  spiir-id: "637987388232058082"
  Assets:Checking:Dagligvarer  -387.95 DKK
  Expenses:Other                387.95 DKK

2022-09-13 * "Lidl Valby" "Dagligvarer" #spiir
  spiir-id: "637987388232058083"
  Assets:Checking:Dagligvarer  -82.35 DKK
  Expenses:Food:Groceries       82.35 DKK

2022-09-13 * "Kop & Kande Greve Greve" "Møbler & boligudstyr" #spiir
  spiir-id: "637987388232058084"
  Assets:Checking:Dagligvarer  -50.00 DKK
  Expenses:Shopping:Furniture   50.00 DKK

2022-09-13 * "Kop & Kande Greve Greve" "Møbler & boligudstyr" #spiir
  spiir-id: "637987388232058085"
  Assets:Checking:Dagligvarer  -49.95 DKK
  Expenses:Shopping:Furniture   49.95 DKK

2022-09-13 * "Bauhaus Valby Koebenhavn Sv" "Ombygning & vedligehold" #spiir
  spiir-id: "637987388232058086"
  Assets:Checking:Dagligvarer  -58.75 DKK
  Expenses:House:Renovation     58.75 DKK

2022-09-14 * "Den Kinesiske Koebmand Ap Koebenh" "Dagligvarer" #spiir
  spiir-id: "637987388231901824"
  Assets:Checking:Dagligvarer  -200.50 DKK
  Expenses:Food:Groceries       200.50 DKK

2022-09-14 * "MobilePay Sabrina Hornbøl" "" #spiir
  spiir-id: "637988238602351736"
  Assets:Checking:Dagligvarer  -125.00 DKK
  Expenses:Other                125.00 DKK

2022-09-14 * "tipster.dk 702-7" "" #spiir
  spiir-id: "637988238602351737"
  Assets:Checking:Dagligvarer  -124.00 DKK
  Expenses:Other                124.00 DKK

2022-09-15 * "Mormor & Morfar" "Anden indkomst" #spiir
  spiir-id: "637988237270894356"
  Assets:Checking:Primary   3000.00 DKK
  Income:Other             -3000.00 DKK

2022-09-15 * "Bauhaus Valby Koebenhavn Sv" "Ombygning & vedligehold" #spiir
  spiir-id: "637988238602351735"
  Assets:Checking:Dagligvarer  -254.90 DKK
  Expenses:House:Renovation     254.90 DKK

2022-09-16 * "Ume Asia Supermarket Kobenhavn V" "Dagligvarer" #spiir
  spiir-id: "637989157894088984"
  Assets:Checking:Dagligvarer  -272.30 DKK
  Expenses:Food:Groceries       272.30 DKK

2022-09-16 * "Kft 1 Aps Koebenhavn V" "Dagligvarer" #spiir
  spiir-id: "637989157894088985"
  Assets:Checking:Dagligvarer  -190.84 DKK
  Expenses:Food:Groceries       190.84 DKK

2022-09-16 * "EasyPark A/S easypark.dk" "Parkering" #spiir
  spiir-id: "637989157894088986"
  Assets:Checking:Dagligvarer  -15.70 DKK
  Expenses:Car:Parking          15.70 DKK

2022-09-16 * "MobilePay Inger Lise Christensen" "" #spiir
  spiir-id: "637989975422587470"
  Assets:Checking:Dagligvarer  -1000.00 DKK
  Expenses:Other                1000.00 DKK

2022-09-19 * "Dsb" "Bøder & afgifter" #spiir
  spiir-id: "637991730777259297"
  Assets:Checking:Primary  -150.00 DKK
  Expenses:Tax:Fines        150.00 DKK

2022-09-19 * "3´s Kortbetaling" "Telefoni & internet" #spiir
  spiir-id: "637991730777259298"
  Assets:Checking:Primary         -184.00 DKK
  Expenses:Subscriptions:Telecom   184.00 DKK

2022-09-19 * "Bauhaus Valby" "Ombygning & vedligehold" #spiir
  spiir-id: "637991732517486261"
  Assets:Checking:Dagligvarer  -363.70 DKK
  Expenses:House:Renovation     363.70 DKK

2022-09-20 * "Spotify" "Film, musik & læsestof" #spiir
  spiir-id: "637992585110138018"
  Assets:Checking:Fixed         -124.00 DKK
  Expenses:Entertainment:Media   124.00 DKK

2022-09-20 * "Kirppu Valby Valby" "" #spiir
  spiir-id: "637992585736568513"
  Assets:Checking:Dagligvarer  -75.00 DKK
  Expenses:Other                75.00 DKK

2022-09-20 * "Kft 1 Aps Koebenhavn V" "Dagligvarer" #spiir
  spiir-id: "637992585736724766"
  Assets:Checking:Dagligvarer  -204.98 DKK
  Expenses:Food:Groceries       204.98 DKK

2022-09-20 * "Netto Gl. Koege Lan Valby" "Dagligvarer" #spiir
  spiir-id: "637992585736724767"
  Assets:Checking:Dagligvarer  -108.15 DKK
  Expenses:Food:Groceries       108.15 DKK

2022-09-20 * "Kft 1 Aps Koebenhavn V" "Dagligvarer" #spiir
  spiir-id: "637992585736724768"
  Assets:Checking:Dagligvarer  -31.77 DKK
  Expenses:Food:Groceries       31.77 DKK

2022-09-20 * "Lidl Valby" "Dagligvarer" #spiir
  spiir-id: "637992585736724769"
  Assets:Checking:Dagligvarer  -119.85 DKK
  Expenses:Food:Groceries       119.85 DKK

2022-09-20 * "Foetex Friheden Hvidovre" "Dagligvarer" #spiir
  spiir-id: "637992585736724770"
  Assets:Checking:Dagligvarer  -257.30 DKK
  Expenses:Food:Groceries       257.30 DKK

2022-09-20 * "Ume Asia Supermarket Kobenhavn V" "Dagligvarer" #spiir
  spiir-id: "637992585736724771"
  Assets:Checking:Dagligvarer  -138.85 DKK
  Expenses:Food:Groceries       138.85 DKK

2022-09-20 * "Apple.Com/Bill" "Online services & software" #spiir
  spiir-id: "637992585736724772"
  Assets:Checking:Dagligvarer      -69.00 DKK
  Expenses:Subscriptions:Software   69.00 DKK

2022-09-20 * "tipster.dk 743-2" "" #spiir
  spiir-id: "637993399026370341"
  Assets:Checking:Primary  -300.00 DKK
  Expenses:Other            300.00 DKK

2022-09-21 * "Harald Nyborg, Ishoj Ishoj" "Ombygning & vedligehold" #spiir
  spiir-id: "637993401013790510"
  Assets:Checking:Dagligvarer  -178.95 DKK
  Expenses:House:Renovation     178.95 DKK

2022-09-21 * "Til Dagligvarer" "Kontooverførsel" #spiir
  spiir-id: "637994321143352586"
  Assets:Checking:Primary  -1500.00 DKK
  Assets:Transfer           1500.00 DKK

2022-09-21 * "Fra Primary" "Kontooverførsel" #spiir
  spiir-id: "637994322596840002"
  Assets:Checking:Dagligvarer   1500.00 DKK
  Assets:Transfer              -1500.00 DKK

2022-09-21 * "Fra Lee Ann Hollesen" "Dagligvarer" #spiir
  spiir-id: "637994322596840003"
  Assets:Checking:Dagligvarer   1500.00 DKK
  Expenses:Food:Groceries      -1500.00 DKK

2022-09-23 * "Ticketmaster DK" "Biograf, koncerter & forlystelser" #spiir
  spiir-id: "637995208546381326"
  Assets:Checking:Primary        -490.00 DKK
  Expenses:Entertainment:Events   490.00 DKK

2022-09-23 * "MobilePay Michelle de Marée" "Fastfood & takeaway" #spiir
  spiir-id: "637996025496035484"
  Assets:Checking:Primary   245.00 DKK
  Expenses:Food:Takeaway   -245.00 DKK

2022-09-23 * "Fakta" "Dagligvarer" #spiir
  spiir-id: "637996026939692255"
  Assets:Checking:Dagligvarer  -67.95 DKK
  Expenses:Food:Groceries       67.95 DKK

2022-09-25 * "Til Kathrine Konnerup" "" #spiir
  spiir-id: "637997787448256459"
  Assets:Checking:Primary  -17600.00 DKK
  Expenses:Other            17600.00 DKK

2022-09-25 * "MobilePay Milena Nikolova" "" #spiir
  spiir-id: "637997787448256460"
  Assets:Checking:Primary   77.00 DKK
  Expenses:Other           -77.00 DKK

2022-09-26 * "Dsb" "Bøder & afgifter" #spiir
  spiir-id: "637997787448256458"
  Assets:Checking:Primary  -300.00 DKK
  Expenses:Tax:Fines        300.00 DKK

2022-09-26 * "Killer Kebab" "Fastfood & takeaway" #spiir
  spiir-id: "637997788647051007"
  Assets:Checking:Dagligvarer  -150.00 DKK
  Expenses:Food:Takeaway        150.00 DKK

2022-09-26 * "Lidl Valby" "Dagligvarer" #spiir
  spiir-id: "637997788647051008"
  Assets:Checking:Dagligvarer  -172.35 DKK
  Expenses:Food:Groceries       172.35 DKK

2022-09-26 * "Lidl Valby" "Dagligvarer" #spiir
  spiir-id: "637997788647207253"
  Assets:Checking:Dagligvarer  -129.00 DKK
  Expenses:Food:Groceries       129.00 DKK

2022-09-26 * "MobilePay Michelle de Marée" "Fastfood & takeaway" #spiir
  spiir-id: "637998638758198218"
  Assets:Checking:Primary   77.00 DKK
  Expenses:Food:Takeaway   -77.00 DKK

2022-09-27 * "ZTL*A L I C E Kobenhavn S" "Bar, cafe & restaurant" #spiir
  spiir-id: "637998638758198211"
  Assets:Checking:Primary   -157.00 DKK
  Expenses:Food:Restaurant   157.00 DKK

2022-09-27 * "Isted Grill V/Nian Ping L Koebenh" "Fastfood & takeaway" #spiir
  spiir-id: "637998638758198212"
  Assets:Checking:Primary  -84.00 DKK
  Expenses:Food:Takeaway    84.00 DKK

2022-09-27 * "Fermentoren Cph - Term Kobenhavn" "Bar, cafe & restaurant" #spiir
  spiir-id: "637998638758198213"
  Assets:Checking:Primary   -80.00 DKK
  Expenses:Food:Restaurant   80.00 DKK

2022-09-27 * "Fermentoren Cph - Term Kobenhavn" "Bar, cafe & restaurant" #spiir
  spiir-id: "637998638758198214"
  Assets:Checking:Primary   -50.00 DKK
  Expenses:Food:Restaurant   50.00 DKK

2022-09-27 * "Isted Grill V/Nian Ping L Koebenh" "Fastfood & takeaway" #spiir
  spiir-id: "637998638758198215"
  Assets:Checking:Primary  -26.00 DKK
  Expenses:Food:Takeaway    26.00 DKK

2022-09-27 * "Freetrailer +4588537700" "" #spiir
  spiir-id: "637998638758198216"
  Assets:Checking:Primary  -78.00 DKK
  Expenses:Other            78.00 DKK

2022-09-27 * "Xxcycle Toulouse" "" #spiir
  spiir-id: "637998638758198217"
  Assets:Checking:Primary  -421.52 DKK
  Expenses:Other            421.52 DKK

2022-09-27 * "Fdb Kvickly Hvidovre Hvidovre" "Dagligvarer" #spiir
  spiir-id: "637998640753588168"
  Assets:Checking:Dagligvarer  -39.50 DKK
  Expenses:Food:Groceries       39.50 DKK

2022-09-27 * "Fermentoren Cph - Term Kobenhavn" "Bar, cafe & restaurant" #spiir
  spiir-id: "637998640753588169"
  Assets:Checking:Dagligvarer  -130.00 DKK
  Expenses:Food:Restaurant      130.00 DKK

2022-09-28 * "Freetrailer +4588537700" "" #spiir
  spiir-id: "637999495090732292"
  Assets:Checking:Primary  -78.00 DKK
  Expenses:Other            78.00 DKK

2022-09-28 * "Ravello Pizza Hvidovre" "Fastfood & takeaway" #spiir
  spiir-id: "637999496777212644"
  Assets:Checking:Dagligvarer  -154.00 DKK
  Expenses:Food:Takeaway        154.00 DKK

2022-09-28 * "ZTL*VAKKA ApS Kobenhavn N" "" #spiir
  spiir-id: "637999496777212645"
  Assets:Checking:Dagligvarer  -56.00 DKK
  Expenses:Other                56.00 DKK

2022-09-28 * "Kvickly Hvidovre" "Dagligvarer" #spiir
  spiir-id: "638000351125734951"
  Assets:Checking:Dagligvarer  -262.65 DKK
  Expenses:Food:Groceries       262.65 DKK

2022-09-28 * "Kvickly Hvidovre" "Dagligvarer" #spiir
  spiir-id: "638000351125734952"
  Assets:Checking:Dagligvarer  -38.00 DKK
  Expenses:Food:Groceries       38.00 DKK

2022-09-29 * "EasyPark A/S easypark.dk" "Parkering" #spiir
  spiir-id: "638000351125734946"
  Assets:Checking:Dagligvarer  -5.92 DKK
  Expenses:Car:Parking          5.92 DKK

2022-09-29 * "Ume Asia Supermarket Kobenhavn V" "Dagligvarer" #spiir
  spiir-id: "638000351125734947"
  Assets:Checking:Dagligvarer  -105.70 DKK
  Expenses:Food:Groceries       105.70 DKK

2022-09-29 * "Ume Asia Supermarket Kobenhavn S" "Dagligvarer" #spiir
  spiir-id: "638000351125734948"
  Assets:Checking:Dagligvarer  -166.75 DKK
  Expenses:Food:Groceries       166.75 DKK

2022-09-29 * "LIDL Koebenhavn s" "Dagligvarer" #spiir
  spiir-id: "638000351125734949"
  Assets:Checking:Dagligvarer  -232.20 DKK
  Expenses:Food:Groceries       232.20 DKK

2022-09-29 * "Kft 1 Aps Koebenhavn V" "Dagligvarer" #spiir
  spiir-id: "638000351125734950"
  Assets:Checking:Dagligvarer  -90.49 DKK
  Expenses:Food:Groceries       90.49 DKK

2022-09-29 * "Kvickly Hvidovre" "Dagligvarer" #spiir
  spiir-id: "638001246799992177"
  Assets:Checking:Dagligvarer  -306.55 DKK
  Expenses:Food:Groceries       306.55 DKK

2022-09-30 * "Steam Purchase Seattle" "Spil & legetøj" #spiir
  spiir-id: "638001244834626787"
  Assets:Checking:Primary  -170.98 DKK
  Expenses:Kids:Toys        170.98 DKK

2022-09-30 * "Interest, total balance" "Udlånsrenter" #spiir
  spiir-id: "638002098613504873"
  Assets:Checking:Primary  -70.36 DKK
  Expenses:Loans:Interest   70.36 DKK

2022-09-30 * "3´s Kortbetaling" "Telefoni & internet" #spiir
  spiir-id: "638002098613504874"
  Assets:Checking:Primary         -261.77 DKK
  Expenses:Subscriptions:Telecom   261.77 DKK

2022-10-01 * "Lønoverførsel" "Løn" #spiir
  spiir-id: "638001244834626788"
  Assets:Checking:Primary   36174.33 DKK
  Income:Salary            -36174.33 DKK

2022-10-03 * "Faste Fællesudgifter" "Kontooverførsel" #spiir
  spiir-id: "638003857948468118"
  Assets:Checking:Primary  -500.00 DKK
  Assets:Transfer           500.00 DKK

2022-10-03 * "Luksuskonto" "" #spiir
  spiir-id: "638003857948468119"
  Assets:Checking:Primary  -1500.00 DKK
  Expenses:Other            1500.00 DKK

2022-10-03 * "Vuggestue - FF" "Kontooverførsel" #spiir
  spiir-id: "638003857948468120"
  Assets:Checking:Primary  -2132.00 DKK
  Assets:Transfer           2132.00 DKK

2022-10-03 * "Dagligvarer" "Kontooverførsel" #spiir
  spiir-id: "638003857948468121"
  Assets:Checking:Primary  -3500.00 DKK
  Assets:Transfer           3500.00 DKK

2022-10-03 * "Faste fællesudgifter" "Kontooverførsel" #spiir
  spiir-id: "638003859649016703"
  Assets:Checking:Fixed   500.00 DKK
  Assets:Transfer        -500.00 DKK

2022-10-03 * "Vuggestue" "Kontooverførsel" #spiir
  spiir-id: "638003859649016704"
  Assets:Checking:Fixed   2132.00 DKK
  Assets:Transfer        -2132.00 DKK

2022-10-03 * "Fast Overførsel - Patric" "Sundheds- & sygeforsikring" #spiir
  spiir-id: "638003859649016705"
  Assets:Checking:Fixed       500.00 DKK
  Expenses:Insurance:Health  -500.00 DKK

2022-10-03 * "vuggestue" "Institution" #spiir
  spiir-id: "638003859649016706"
  Assets:Checking:Fixed       2132.00 DKK
  Expenses:Kids:Institution  -2132.00 DKK

2022-10-03 * "Nettopower ApS" "El, vand, varme & renovation" #spiir
  spiir-id: "638003859649016707"
  Assets:Checking:Fixed   -21442.18 DKK
  Expenses:House:Heating   21442.18 DKK

2022-10-03 * "Tryg" "Indbo- & familieforsikring" #spiir
  spiir-id: "638003859649016708"
  Assets:Checking:Fixed              -3282.67 DKK
  Expenses:House:Contents-Insurance   3282.67 DKK

2022-10-03 * "Tryg" "Indbo- & familieforsikring" #spiir
  spiir-id: "638003859649016709"
  Assets:Checking:Fixed              -811.36 DKK
  Expenses:House:Contents-Insurance   811.36 DKK

2022-10-03 * "Fællesudgifter" "Kontooverførsel" #spiir
  spiir-id: "638003861036927999"
  Assets:Checking:Dagligvarer   3500.00 DKK
  Assets:Transfer              -3500.00 DKK

2022-10-03 * "Fællesudgifter" "Ejerforening" #spiir
  spiir-id: "638003861036928000"
  Assets:Checking:Dagligvarer   3500.00 DKK
  Expenses:House:Association   -3500.00 DKK

2022-10-03 * "Lidl" "Dagligvarer" #spiir
  spiir-id: "638003861036928001"
  Assets:Checking:Dagligvarer  -186.45 DKK
  Expenses:Food:Groceries       186.45 DKK

2022-10-03 * "SILVAN 577 Valby" "Ombygning & vedligehold" #spiir
  spiir-id: "638003861036928002"
  Assets:Checking:Dagligvarer  -11.95 DKK
  Expenses:House:Renovation     11.95 DKK

2022-10-03 * "jem & fix" "Ombygning & vedligehold" #spiir
  spiir-id: "638003861036928003"
  Assets:Checking:Dagligvarer  -208.50 DKK
  Expenses:House:Renovation     208.50 DKK

2022-10-03 * "SILVAN 577 Valby" "Ombygning & vedligehold" #spiir
  spiir-id: "638003861036928004"
  Assets:Checking:Dagligvarer   28.95 DKK
  Expenses:House:Renovation    -28.95 DKK

2022-10-03 * "Netto Hvidovrevej" "Dagligvarer" #spiir
  spiir-id: "638003861036928005"
  Assets:Checking:Dagligvarer  -214.60 DKK
  Expenses:Food:Groceries       214.60 DKK

2022-10-03 * "Det Gyldne Brød Ap" "Kiosk, bager & specialbutikker" #spiir
  spiir-id: "638003861036928006"
  Assets:Checking:Dagligvarer  -69.50 DKK
  Expenses:Food:Kiosk           69.50 DKK

2022-10-04 * "Playstationnetwork London" "Spil & legetøj" #spiir
  spiir-id: "638004667051222010"
  Assets:Checking:Primary  -369.00 DKK
  Expenses:Kids:Toys        369.00 DKK

2022-10-04 * "Toolbeer.Dk Copenhagen" "Tobak & alkohol" #spiir
  spiir-id: "638004667051222011"
  Assets:Checking:Primary  -190.00 DKK
  Expenses:Food:Alcohol     190.00 DKK

2022-10-04 * "Silvan 577 Valby Valby" "Ombygning & vedligehold" #spiir
  spiir-id: "638004668322528836"
  Assets:Checking:Dagligvarer  -120.80 DKK
  Expenses:House:Renovation     120.80 DKK

2022-10-04 * "Lidl Valby" "Dagligvarer" #spiir
  spiir-id: "638004668322528837"
  Assets:Checking:Dagligvarer  -99.00 DKK
  Expenses:Food:Groceries       99.00 DKK

2022-10-04 * "Lidl Valby" "Dagligvarer" #spiir
  spiir-id: "638004668322528838"
  Assets:Checking:Dagligvarer  -282.65 DKK
  Expenses:Food:Groceries       282.65 DKK

2022-10-04 * "Thansen Valby Valby" "" #spiir
  spiir-id: "638004668322528839"
  Assets:Checking:Dagligvarer  -39.95 DKK
  Expenses:Other                39.95 DKK

2022-10-04 * "Smallegades Apotek Freder Frederi" "Apotek & medicin" #spiir
  spiir-id: "638004668322528840"
  Assets:Checking:Dagligvarer  -116.75 DKK
  Expenses:Health:Pharmacy      116.75 DKK

2022-10-04 * "Le Glas ApS" "Ombygning & vedligehold" #spiir
  spiir-id: "638004668322528841"
  Assets:Checking:Dagligvarer  -273.99 DKK
  Expenses:House:Renovation     273.99 DKK

2022-10-05 * "MobilePay Mette Ford" "" #spiir
  spiir-id: "638005571902414757"
  Assets:Checking:Dagligvarer  -110.00 DKK
  Expenses:Other                110.00 DKK

2022-10-05 * "Norwegian A 328-736689780 B??Rum" "" #spiir
  spiir-id: "638005571902414758"
  Assets:Checking:Dagligvarer  -298.00 DKK
  Expenses:Other                298.00 DKK

2022-10-05 * "iCloud Fastefæll.udgifte" "Kontooverførsel" #spiir
  spiir-id: "638006370118311301"
  Assets:Checking:Primary   69.00 DKK
  Assets:Transfer          -69.00 DKK

2022-10-05 * "iCloud" "Kontooverførsel" #spiir
  spiir-id: "638006370629331806"
  Assets:Checking:Fixed  -69.00 DKK
  Assets:Transfer         69.00 DKK

2022-10-05 * "Overført fra" "Anden indkomst" #spiir
  spiir-id: "638006370629331807"
  Assets:Checking:Fixed   21559.32 DKK
  Income:Other           -21559.32 DKK

2022-10-05 * "Fra lukket luksuskon" "" #spiir
  spiir-id: "638006370970761904"
  Assets:Checking:Dagligvarer   3000.00 DKK
  Expenses:Other               -3000.00 DKK

2022-10-06 * "Hvidovre kommune" "Institution" #spiir
  spiir-id: "638006370629331805"
  Assets:Checking:Fixed      -4860.57 DKK
  Expenses:Kids:Institution   4860.57 DKK

2022-10-07 * "Dsb" "Bøder & afgifter" #spiir
  spiir-id: "638007264859884377"
  Assets:Checking:Primary  -150.00 DKK
  Expenses:Tax:Fines        150.00 DKK

2022-10-07 * "Evida Service Nord" "El, vand, varme & renovation" #spiir
  spiir-id: "638007265721333980"
  Assets:Checking:Fixed   -1900.97 DKK
  Expenses:House:Heating   1900.97 DKK

2022-10-07 * "Lidl Valby" "Dagligvarer" #spiir
  spiir-id: "638007266645885399"
  Assets:Checking:Dagligvarer  -96.00 DKK
  Expenses:Food:Groceries       96.00 DKK

2022-10-10 * "Tacos Pastor Oesterbro Ap Koebenh" "" #spiir
  spiir-id: "638009894978042264"
  Assets:Checking:Primary  -20.00 DKK
  Expenses:Other            20.00 DKK

2022-10-10 * "Rejsekort - DSB" "Bus, tog, færge o.l." #spiir
  spiir-id: "638009894978042265"
  Assets:Checking:Primary    -300.00 DKK
  Expenses:Transport:Public   300.00 DKK

2022-10-10 * "Fra luksuskonto" "Kontooverførsel" #spiir
  spiir-id: "638009895753222059"
  Assets:Checking:Fixed   3000.00 DKK
  Assets:Transfer        -3000.00 DKK

2022-10-10 * "Fra luksuskonto" "Kontooverførsel" #spiir
  spiir-id: "638009896582947013"
  Assets:Checking:Dagligvarer  -3000.00 DKK
  Assets:Transfer               3000.00 DKK

2022-10-10 * "Netto Vigerslevvej" "Dagligvarer" #spiir
  spiir-id: "638009896582947014"
  Assets:Checking:Dagligvarer  -74.95 DKK
  Expenses:Food:Groceries       74.95 DKK

2022-10-10 * "Lidl" "Dagligvarer" #spiir
  spiir-id: "638009896582947015"
  Assets:Checking:Dagligvarer  -152.75 DKK
  Expenses:Food:Groceries       152.75 DKK

2022-10-10 * "Fdb Kvickly Hvidovre Hvidovre" "Dagligvarer" #spiir
  spiir-id: "638009896582947016"
  Assets:Checking:Dagligvarer  -163.00 DKK
  Expenses:Food:Groceries       163.00 DKK

2022-10-11 * "Roast Coffee A Kobenhavn S" "Bar, cafe & restaurant" #spiir
  spiir-id: "638010699598890158"
  Assets:Checking:Primary   -140.00 DKK
  Expenses:Food:Restaurant   140.00 DKK

2022-10-11 * "Freetrailer +4588537700" "" #spiir
  spiir-id: "638010699598890159"
  Assets:Checking:Primary  -78.00 DKK
  Expenses:Other            78.00 DKK

2022-10-11 * "BonusTryghedsGruppen" "Indbo- & familieforsikring" #spiir
  spiir-id: "638010699598890160"
  Assets:Checking:Primary             472.45 DKK
  Expenses:House:Contents-Insurance  -472.45 DKK

2022-10-11 * "Netto Vigerslevvej Valby" "Dagligvarer" #spiir
  spiir-id: "638010700434390618"
  Assets:Checking:Dagligvarer  -241.85 DKK
  Expenses:Food:Groceries       241.85 DKK

2022-10-12 * "OIL! tank go Viger" "Brændstof" #spiir
  spiir-id: "638012470882041834"
  Assets:Checking:Dagligvarer  -300.91 DKK
  Expenses:Car:Gas              300.91 DKK

2022-10-12 * "MobilePay Johanne Boegh Slemming" "" #spiir
  spiir-id: "638012470882041835"
  Assets:Checking:Dagligvarer  -500.00 DKK
  Expenses:Other                500.00 DKK

2022-10-13 * "Lidl Valby" "Dagligvarer" #spiir
  spiir-id: "638012470882041831"
  Assets:Checking:Dagligvarer  -297.95 DKK
  Expenses:Food:Groceries       297.95 DKK

2022-10-13 * "Lidl Valby" "Dagligvarer" #spiir
  spiir-id: "638012470882041832"
  Assets:Checking:Dagligvarer  -99.00 DKK
  Expenses:Food:Groceries       99.00 DKK

2022-10-13 * "Fakta 318 Valby" "Dagligvarer" #spiir
  spiir-id: "638012470882041833"
  Assets:Checking:Dagligvarer  -103.45 DKK
  Expenses:Food:Groceries       103.45 DKK

2022-10-13 * "Netto Valby Maskin" "Dagligvarer" #spiir
  spiir-id: "638013347592011842"
  Assets:Checking:Dagligvarer  -138.45 DKK
  Expenses:Food:Groceries       138.45 DKK

2022-10-14 * "Dagli Brugsen Valby" "Dagligvarer" #spiir
  spiir-id: "638013347592011841"
  Assets:Checking:Dagligvarer  -20.50 DKK
  Expenses:Food:Groceries       20.50 DKK

2022-10-17 * "portal.postnord.co" "Andet privatforbrug" #spiir
  spiir-id: "638015897813053361"
  Assets:Checking:Primary  -236.00 DKK
  Expenses:Shopping:Other   236.00 DKK

2022-10-17 * "Boulders ApS" "Sport & fritid" #spiir
  spiir-id: "638015897813053362"
  Assets:Checking:Primary        -20.00 DKK
  Expenses:Entertainment:Sports   20.00 DKK

2022-10-17 * "Boulders ApS" "Sport & fritid" #spiir
  spiir-id: "638015897813053363"
  Assets:Checking:Primary        -120.00 DKK
  Expenses:Entertainment:Sports   120.00 DKK

2022-10-17 * "Boulders ApS" "Sport & fritid" #spiir
  spiir-id: "638015897813053364"
  Assets:Checking:Primary        -120.00 DKK
  Expenses:Entertainment:Sports   120.00 DKK

2022-10-17 * "FDB Kvickly Hvidovre" "Dagligvarer" #spiir
  spiir-id: "638015899702340259"
  Assets:Checking:Dagligvarer  -58.45 DKK
  Expenses:Food:Groceries       58.45 DKK

2022-10-17 * "Netto Vigerslevvej" "Dagligvarer" #spiir
  spiir-id: "638015899702340260"
  Assets:Checking:Dagligvarer  -93.25 DKK
  Expenses:Food:Groceries       93.25 DKK

2022-10-17 * "Netto Valby Maskin" "Dagligvarer" #spiir
  spiir-id: "638015899702340261"
  Assets:Checking:Dagligvarer  -34.00 DKK
  Expenses:Food:Groceries       34.00 DKK

2022-10-17 * "Harald Nyborg Herlev Herlev" "Ombygning & vedligehold" #spiir
  spiir-id: "638015899702340262"
  Assets:Checking:Dagligvarer  -140.90 DKK
  Expenses:House:Renovation     140.90 DKK

2022-10-17 * "Parkman" "Parkering" #spiir
  spiir-id: "638015899702340263"
  Assets:Checking:Dagligvarer  -102.96 DKK
  Expenses:Car:Parking          102.96 DKK

2022-10-17 * "Rosen Supermarked Aps Hvidovre" "Dagligvarer" #spiir
  spiir-id: "638015899702340264"
  Assets:Checking:Dagligvarer  -171.75 DKK
  Expenses:Food:Groceries       171.75 DKK

2022-10-18 * "Ume Asia Supermarket" "Dagligvarer" #spiir
  spiir-id: "638016799416703274"
  Assets:Checking:Dagligvarer  -551.95 DKK
  Expenses:Food:Groceries       551.95 DKK

2022-10-18 * "foetex food Amagerbr" "Dagligvarer" #spiir
  spiir-id: "638016799416703275"
  Assets:Checking:Dagligvarer  -28.00 DKK
  Expenses:Food:Groceries       28.00 DKK

2022-10-18 * "MobilePay Lone Jacobsen" "" #spiir
  spiir-id: "638017610298017592"
  Assets:Checking:Dagligvarer  -75.00 DKK
  Expenses:Other                75.00 DKK

2022-10-19 * "Rejsekort" "Bus, tog, færge o.l." #spiir
  spiir-id: "638017608918165388"
  Assets:Checking:Primary     150.00 DKK
  Expenses:Transport:Public  -150.00 DKK

2022-10-19 * "portal.postnord.co" "Andet privatforbrug" #spiir
  spiir-id: "638017608918165389"
  Assets:Checking:Primary  -236.00 DKK
  Expenses:Shopping:Other   236.00 DKK

2022-10-19 * "Spotify" "Film, musik & læsestof" #spiir
  spiir-id: "638017609891296592"
  Assets:Checking:Fixed         -124.00 DKK
  Expenses:Entertainment:Media   124.00 DKK

2022-10-19 * "tipster.dk 125-1" "" #spiir
  spiir-id: "638018484307894616"
  Assets:Checking:Dagligvarer  -330.00 DKK
  Expenses:Other                330.00 DKK

2022-10-20 * "Børne- og Ungeydelse" "Børnepenge" #spiir
  spiir-id: "638018482830962841"
  Assets:Checking:Primary   2327.00 DKK
  Income:ChildBenefit      -2327.00 DKK

2022-10-20 * "Apple.Com/Bill" "Online services & software" #spiir
  spiir-id: "638018484307894614"
  Assets:Checking:Dagligvarer      -69.00 DKK
  Expenses:Subscriptions:Software   69.00 DKK

2022-10-20 * "Lidl" "Dagligvarer" #spiir
  spiir-id: "638018484307894615"
  Assets:Checking:Dagligvarer  -207.66 DKK
  Expenses:Food:Groceries       207.66 DKK

2022-10-21 * "Kvickly Hvidovre" "Dagligvarer" #spiir
  spiir-id: "638020233631881656"
  Assets:Checking:Dagligvarer  -120.00 DKK
  Expenses:Food:Groceries       120.00 DKK

2022-10-23 * "Til Dagligvarer" "Kontooverførsel" #spiir
  spiir-id: "638021953973245358"
  Assets:Checking:Primary  -2000.00 DKK
  Assets:Transfer           2000.00 DKK

2022-10-23 * "Til Berlin" "Kontooverførsel" #spiir
  spiir-id: "638021955241557321"
  Assets:Checking:Dagligvarer   2000.00 DKK
  Assets:Transfer              -2000.00 DKK

2022-10-23 * "Fra Primary" "Dagligvarer" #spiir
  spiir-id: "638021955241557322"
  Assets:Checking:Dagligvarer   2000.00 DKK
  Expenses:Food:Groceries      -2000.00 DKK

2022-10-24 * "Lidl" "Dagligvarer" #spiir
  spiir-id: "638021955241557315"
  Assets:Checking:Dagligvarer  -122.30 DKK
  Expenses:Food:Groceries       122.30 DKK

2022-10-24 * "Foetex Friheden" "Dagligvarer" #spiir
  spiir-id: "638021955241557316"
  Assets:Checking:Dagligvarer  -143.00 DKK
  Expenses:Food:Groceries       143.00 DKK

2022-10-24 * "FDB Kvickly Hvidovre" "Dagligvarer" #spiir
  spiir-id: "638021955241557317"
  Assets:Checking:Dagligvarer  -234.55 DKK
  Expenses:Food:Groceries       234.55 DKK

2022-10-24 * "Bauhaus Valby" "Ombygning & vedligehold" #spiir
  spiir-id: "638021955241557318"
  Assets:Checking:Dagligvarer  -399.80 DKK
  Expenses:House:Renovation     399.80 DKK

2022-10-24 * "Ume Asia Supermarket" "Dagligvarer" #spiir
  spiir-id: "638021955241557319"
  Assets:Checking:Dagligvarer  -72.80 DKK
  Expenses:Food:Groceries       72.80 DKK

2022-10-24 * "Kft 1 ApS" "Dagligvarer" #spiir
  spiir-id: "638021955241557320"
  Assets:Checking:Dagligvarer  -120.92 DKK
  Expenses:Food:Groceries       120.92 DKK

2022-10-25 * "Life Berlin" "" #spiir
  spiir-id: "638022822702966274"
  Assets:Checking:Dagligvarer  -383.89 DKK
  Expenses:Other                383.89 DKK

2022-10-25 * "REWE Markt GmbH-Zw" "Dagligvarer" #spiir
  spiir-id: "638022822702966275"
  Assets:Checking:Dagligvarer  -82.35 DKK
  Expenses:Food:Groceries       82.35 DKK

2022-10-25 * "Revolut7604" "" #spiir
  spiir-id: "638022822702966276"
  Assets:Checking:Dagligvarer  -1500.00 DKK
  Expenses:Other                1500.00 DKK

2022-10-25 * "Ingo Vigerslev Alle" "Brændstof" #spiir
  spiir-id: "638022822702966277"
  Assets:Checking:Dagligvarer  -131.81 DKK
  Expenses:Car:Gas              131.81 DKK

2022-10-25 * "Sent from" "Anden indkomst" #spiir
  spiir-id: "638023673989376286"
  Assets:Checking:Dagligvarer   1500.00 DKK
  Income:Other                 -1500.00 DKK

2022-10-26 * "Brammibal's Donuts Berlin" "" #spiir
  spiir-id: "638023672860797495"
  Assets:Checking:Primary  -62.49 DKK
  Expenses:Other            62.49 DKK

2022-10-26 * "Zalando Outlet Berlin" "Tøj, sko & accessories" #spiir
  spiir-id: "638023672860797496"
  Assets:Checking:Primary     -483.51 DKK
  Expenses:Shopping:Clothing   483.51 DKK

2022-10-26 * "DM Drogerie Markt Berlin" "" #spiir
  spiir-id: "638023673989265344"
  Assets:Checking:Dagligvarer  -59.52 DKK
  Expenses:Other                59.52 DKK

2022-10-26 * "Berliner Verkehrsbetri Berlin" "" #spiir
  spiir-id: "638023673989376279"
  Assets:Checking:Dagligvarer  -44.64 DKK
  Expenses:Other                44.64 DKK

2022-10-26 * "Kiosk159 Berlin" "" #spiir
  spiir-id: "638023673989376280"
  Assets:Checking:Dagligvarer  -14.88 DKK
  Expenses:Other                14.88 DKK

2022-10-26 * "Concierge Coffee Berlin" "Bar, cafe & restaurant" #spiir
  spiir-id: "638023673989376281"
  Assets:Checking:Dagligvarer  -85.56 DKK
  Expenses:Food:Restaurant      85.56 DKK

2022-10-26 * "Berliner Sparkasse" "Ferieaktiviteter" #spiir
  spiir-id: "638023673989376282"
  Assets:Checking:Dagligvarer  -1487.95 DKK
  Expenses:Travel:Activities    1487.95 DKK

2022-10-26 * "Cocolo Ramen X-Berg" "Bar, cafe & restaurant" #spiir
  spiir-id: "638023673989376283"
  Assets:Checking:Dagligvarer  -345.93 DKK
  Expenses:Food:Restaurant      345.93 DKK

2022-10-26 * "Gebr. Heinemann" "Bar, cafe & restaurant" #spiir
  spiir-id: "638023673989376284"
  Assets:Checking:Dagligvarer  -59.00 DKK
  Expenses:Food:Restaurant      59.00 DKK

2022-10-26 * "Lagkagehuset C" "Kiosk, bager & specialbutikker" #spiir
  spiir-id: "638023673989376285"
  Assets:Checking:Dagligvarer  -45.00 DKK
  Expenses:Food:Kiosk           45.00 DKK

2022-10-27 * "Karstadt Hermannplatz Berlin" "" #spiir
  spiir-id: "638024510394905882"
  Assets:Checking:Primary  -118.88 DKK
  Expenses:Other            118.88 DKK

2022-10-27 * "MUJI Berlin" "Tøj, sko & accessories" #spiir
  spiir-id: "638024510394905883"
  Assets:Checking:Primary     -595.15 DKK
  Expenses:Shopping:Clothing   595.15 DKK

2022-10-27 * "Karstadt Hermannplatz Berlin" "" #spiir
  spiir-id: "638024510395106532"
  Assets:Checking:Primary  -193.20 DKK
  Expenses:Other            193.20 DKK

2022-10-27 * "Chapter One E Berlin" "" #spiir
  spiir-id: "638024511298194816"
  Assets:Checking:Dagligvarer  -56.54 DKK
  Expenses:Other                56.54 DKK

2022-10-27 * "Sp Schwesterherz & K Berlin" "" #spiir
  spiir-id: "638024511298194817"
  Assets:Checking:Dagligvarer  -118.29 DKK
  Expenses:Other                118.29 DKK

2022-10-27 * "MUJI Berlin" "Tøj, sko & accessories" #spiir
  spiir-id: "638024511298194818"
  Assets:Checking:Dagligvarer  -336.26 DKK
  Expenses:Shopping:Clothing    336.26 DKK

2022-10-27 * "Curry 36 Berlin" "" #spiir
  spiir-id: "638024511298194819"
  Assets:Checking:Dagligvarer  -55.79 DKK
  Expenses:Other                55.79 DKK

2022-10-27 * "Albatross Bake Berlin" "" #spiir
  spiir-id: "638024511298194820"
  Assets:Checking:Dagligvarer  -50.59 DKK
  Expenses:Other                50.59 DKK

2022-10-27 * "Mephisto Coffee Berlin" "Bar, cafe & restaurant" #spiir
  spiir-id: "638024511298194821"
  Assets:Checking:Dagligvarer  -220.95 DKK
  Expenses:Food:Restaurant      220.95 DKK

2022-10-27 * "Asia Markt Berlin" "" #spiir
  spiir-id: "638024511298194822"
  Assets:Checking:Dagligvarer  -161.66 DKK
  Expenses:Other                161.66 DKK

2022-10-27 * "Rossmann" "Frisør & personlig pleje" #spiir
  spiir-id: "638024511298194823"
  Assets:Checking:Dagligvarer      -426.64 DKK
  Expenses:Shopping:Personal-Care   426.64 DKK

2022-10-27 * "Bvg" "Ferieaktiviteter" #spiir
  spiir-id: "638024511298194824"
  Assets:Checking:Dagligvarer  -44.63 DKK
  Expenses:Travel:Activities    44.63 DKK

2022-10-27 * "Bvg" "Ferieaktiviteter" #spiir
  spiir-id: "638024511298194825"
  Assets:Checking:Dagligvarer  -44.63 DKK
  Expenses:Travel:Activities    44.63 DKK

2022-10-27 * "Bvg" "Ferieaktiviteter" #spiir
  spiir-id: "638024511298395686"
  Assets:Checking:Dagligvarer  -29.75 DKK
  Expenses:Travel:Activities    29.75 DKK

2022-10-27 * "ATM Cash Withdrawal VISA - Abroad" "Kontanthævning & check" #spiir
  spiir-id: "638024511298395687"
  Assets:Checking:Dagligvarer  -30.00 DKK
  Expenses:Cash                 30.00 DKK

2022-10-27 * "Dagligvarer" "Kontooverførsel" #spiir
  spiir-id: "638025402882030526"
  Assets:Checking:Primary  -1000.00 DKK
  Assets:Transfer           1000.00 DKK

2022-10-27 * "Fra Lee Ann Hollesen" "Kontooverførsel" #spiir
  spiir-id: "638025404079042516"
  Assets:Checking:Dagligvarer   1000.00 DKK
  Assets:Transfer              -1000.00 DKK

2022-10-27 * "Dagligvarer" "Dagligvarer" #spiir
  spiir-id: "638025404079042517"
  Assets:Checking:Dagligvarer   1000.00 DKK
  Expenses:Food:Groceries      -1000.00 DKK

2022-10-27 * "Kvickly Hvidovre" "Dagligvarer" #spiir
  spiir-id: "638025404079042518"
  Assets:Checking:Dagligvarer  -219.20 DKK
  Expenses:Food:Groceries       219.20 DKK

2022-10-27 * "tipster.dk 162-5" "" #spiir
  spiir-id: "638025404079042519"
  Assets:Checking:Dagligvarer  -500.00 DKK
  Expenses:Other                500.00 DKK

2022-10-28 * "Aldi Sagt Danke Berlin" "Dagligvarer" #spiir
  spiir-id: "638025404079042512"
  Assets:Checking:Dagligvarer  -76.03 DKK
  Expenses:Food:Groceries       76.03 DKK

2022-10-28 * "Karstadt Hermannplat" "" #spiir
  spiir-id: "638025404079042513"
  Assets:Checking:Dagligvarer  -16.73 DKK
  Expenses:Other                16.73 DKK

2022-10-28 * "Edeka Fiebig" "Dagligvarer" #spiir
  spiir-id: "638025404079042514"
  Assets:Checking:Dagligvarer  -84.66 DKK
  Expenses:Food:Groceries       84.66 DKK

2022-10-28 * "Bvg App/Online Logpa" "Bus, tog, færge o.l." #spiir
  spiir-id: "638025404079042515"
  Assets:Checking:Dagligvarer  -56.54 DKK
  Expenses:Transport:Public     56.54 DKK

2022-10-28 * "MobilePay" "" #spiir
  spiir-id: "638026252227630454"
  Assets:Checking:Primary  -2397.85 DKK
  Expenses:Other            2397.85 DKK

2022-10-28 * "Til Dagligvarer" "Kontooverførsel" #spiir
  spiir-id: "638026252227630455"
  Assets:Checking:Primary  -1000.00 DKK
  Assets:Transfer           1000.00 DKK

2022-10-28 * "Fra Lee Ann Hollesen" "Kontooverførsel" #spiir
  spiir-id: "638026252874675509"
  Assets:Checking:Dagligvarer   1000.00 DKK
  Assets:Transfer              -1000.00 DKK

2022-10-28 * "Til Dagligvarer" "Dagligvarer" #spiir
  spiir-id: "638026252874675510"
  Assets:Checking:Dagligvarer   1000.00 DKK
  Expenses:Food:Groceries      -1000.00 DKK

2022-10-29 * "Børnepenge" "Kontooverførsel" #spiir
  spiir-id: "638027112641814769"
  Assets:Checking:Primary  -2327.00 DKK
  Assets:Transfer           2327.00 DKK

2022-10-29 * "Børnepenge" "Kontooverførsel" #spiir
  spiir-id: "638027113021082450"
  Assets:Checking:Fixed   2327.00 DKK
  Assets:Transfer        -2327.00 DKK

2022-10-29 * "MobilePay Coop App" "Dagligvarer" #spiir
  spiir-id: "638027113323545383"
  Assets:Checking:Dagligvarer  -18.00 DKK
  Expenses:Food:Groceries       18.00 DKK

2022-10-30 * "Flex patrick 10-2022" "Kontooverførsel" #spiir
  spiir-id: "638028009104017904"
  Assets:Checking:Primary  -8939.81 DKK
  Assets:Transfer           8939.81 DKK

2022-10-30 * "Flex Patrick 10-2022" "Kontooverførsel" #spiir
  spiir-id: "638028009104017905"
  Assets:Checking:Primary  -8939.81 DKK
  Assets:Transfer           8939.81 DKK

2022-10-30 * "F-Kort" "Kontooverførsel" #spiir
  spiir-id: "638028010000416922"
  Assets:Checking:Fixed   8939.81 DKK
  Assets:Transfer        -8939.81 DKK

2022-10-30 * "Flex Patrick 10-2022" "Kontooverførsel" #spiir
  spiir-id: "638028010000416923"
  Assets:Checking:Fixed   8939.81 DKK
  Assets:Transfer        -8939.81 DKK

2022-10-31 * "Penta Advokater" "Boliglån/husleje" #spiir
  spiir-id: "638028009104017903"
  Assets:Checking:Primary  -12912.50 DKK
  Expenses:House:Mortgage   12912.50 DKK

2022-10-31 * "Realkredit Danmark" "Boliglån/husleje" #spiir
  spiir-id: "638028010000416921"
  Assets:Checking:Fixed    -17879.62 DKK
  Expenses:House:Mortgage   17879.62 DKK

2022-10-31 * "Jysk D093" "Møbler & boligudstyr" #spiir
  spiir-id: "638028010633100564"
  Assets:Checking:Dagligvarer  -375.00 DKK
  Expenses:Shopping:Furniture   375.00 DKK

2022-10-31 * "F@Tex R@Dovre C" "Dagligvarer" #spiir
  spiir-id: "638028010633100565"
  Assets:Checking:Dagligvarer  -179.13 DKK
  Expenses:Food:Groceries       179.13 DKK

2022-10-31 * "Dk1036" "Frisør & personlig pleje" #spiir
  spiir-id: "638028010633100566"
  Assets:Checking:Dagligvarer      -93.00 DKK
  Expenses:Shopping:Personal-Care   93.00 DKK

2022-10-31 * "Ingo Vigerslev All" "Brændstof" #spiir
  spiir-id: "638028010633100567"
  Assets:Checking:Dagligvarer  -258.38 DKK
  Expenses:Car:Gas              258.38 DKK

2022-10-31 * "thansen.dk" "Værksted & reservedele" #spiir
  spiir-id: "638028010633100568"
  Assets:Checking:Dagligvarer  -79.95 DKK
  Expenses:Car:Service          79.95 DKK

2022-10-31 * "Kvickly Ribe" "Dagligvarer" #spiir
  spiir-id: "638028010633100569"
  Assets:Checking:Dagligvarer  -35.00 DKK
  Expenses:Food:Groceries       35.00 DKK

2022-10-31 * "Netto Vigerslevvej" "Dagligvarer" #spiir
  spiir-id: "638028010633100570"
  Assets:Checking:Dagligvarer  -95.95 DKK
  Expenses:Food:Groceries       95.95 DKK

2022-10-31 * "Transfer" "" #spiir
  spiir-id: "638028854305552668"
  Assets:Checking:Primary   36174.33 DKK
  Expenses:Other           -36174.33 DKK

2022-10-31 * "3´s Kortbetaling" "Telefoni & internet" #spiir
  spiir-id: "638028854305552669"
  Assets:Checking:Primary         -161.77 DKK
  Expenses:Subscriptions:Telecom   161.77 DKK

2022-10-31 * "Fakta" "Dagligvarer" #spiir
  spiir-id: "638028855957123857"
  Assets:Checking:Dagligvarer  -43.45 DKK
  Expenses:Food:Groceries       43.45 DKK

2022-10-31 * "7-Eleven B" "Kiosk, bager & specialbutikker" #spiir
  spiir-id: "638028855957123858"
  Assets:Checking:Dagligvarer  -53.00 DKK
  Expenses:Food:Kiosk           53.00 DKK

2022-11-01 * "Freetrailer +4588537700" "" #spiir
  spiir-id: "638028854305552664"
  Assets:Checking:Primary  -78.00 DKK
  Expenses:Other            78.00 DKK

2022-11-01 * "Faste Fællesudgifter" "Kontooverførsel" #spiir
  spiir-id: "638028854305552665"
  Assets:Checking:Primary  -500.00 DKK
  Assets:Transfer           500.00 DKK

2022-11-01 * "Dagligvarer" "Kontooverførsel" #spiir
  spiir-id: "638028854305552666"
  Assets:Checking:Primary  -3500.00 DKK
  Assets:Transfer           3500.00 DKK

2022-11-01 * "iCloud Fastefæll.udgifte" "Kontooverførsel" #spiir
  spiir-id: "638028854305552667"
  Assets:Checking:Primary   69.00 DKK
  Assets:Transfer          -69.00 DKK

2022-11-01 * "Tryg" "Indbo- & familieforsikring" #spiir
  spiir-id: "638028855487746435"
  Assets:Checking:Fixed              -370.43 DKK
  Expenses:House:Contents-Insurance   370.43 DKK

2022-11-01 * "Tryg" "Indbo- & familieforsikring" #spiir
  spiir-id: "638028855487746436"
  Assets:Checking:Fixed              -970.41 DKK
  Expenses:House:Contents-Insurance   970.41 DKK

2022-11-01 * "Tryg" "Indbo- & familieforsikring" #spiir
  spiir-id: "638028855487746437"
  Assets:Checking:Fixed              -539.26 DKK
  Expenses:House:Contents-Insurance   539.26 DKK

2022-11-01 * "Faste fællesudgifter" "Kontooverførsel" #spiir
  spiir-id: "638028855487746438"
  Assets:Checking:Fixed   500.00 DKK
  Assets:Transfer        -500.00 DKK

2022-11-01 * "Vuggestue" "Institution" #spiir
  spiir-id: "638028855487746439"
  Assets:Checking:Fixed       2132.00 DKK
  Expenses:Kids:Institution  -2132.00 DKK

2022-11-01 * "Fast Overførsel - Patric" "Sundheds- & sygeforsikring" #spiir
  spiir-id: "638028855487746440"
  Assets:Checking:Fixed       500.00 DKK
  Expenses:Insurance:Health  -500.00 DKK

2022-11-01 * "iCloud" "Kontooverførsel" #spiir
  spiir-id: "638028855487746441"
  Assets:Checking:Fixed  -69.00 DKK
  Assets:Transfer         69.00 DKK

2022-11-01 * "BabySam Kolding Kolding" "Babyudstyr" #spiir
  spiir-id: "638028855957123853"
  Assets:Checking:Dagligvarer  -209.00 DKK
  Expenses:Kids:Baby            209.00 DKK

2022-11-01 * "McDonalds Slagelse Slagelse" "Fastfood & takeaway" #spiir
  spiir-id: "638028855957123854"
  Assets:Checking:Dagligvarer  -132.00 DKK
  Expenses:Food:Takeaway        132.00 DKK

2022-11-01 * "Fællesudgifter" "Kontooverførsel" #spiir
  spiir-id: "638028855957123855"
  Assets:Checking:Dagligvarer   3500.00 DKK
  Assets:Transfer              -3500.00 DKK

2022-11-01 * "Fællesudgifter" "Ejerforening" #spiir
  spiir-id: "638028855957123856"
  Assets:Checking:Dagligvarer   3500.00 DKK
  Expenses:House:Association   -3500.00 DKK

2022-11-01 * "hiper.dk" "Telefoni & internet" #spiir
  spiir-id: "638029715418896470"
  Assets:Checking:Primary         -249.00 DKK
  Expenses:Subscriptions:Telecom   249.00 DKK

2022-11-01 * "hjem.dk" "Møbler & boligudstyr" #spiir
  spiir-id: "638029716502376867"
  Assets:Checking:Dagligvarer  -279.00 DKK
  Expenses:Shopping:Furniture   279.00 DKK

2022-11-01 * "tipster.dk 187-2" "" #spiir
  spiir-id: "638029716502376868"
  Assets:Checking:Dagligvarer  -125.00 DKK
  Expenses:Other                125.00 DKK

2022-11-02 * "Brobizz.Com Kopenhavn V" "" #spiir
  spiir-id: "638029716502376865"
  Assets:Checking:Dagligvarer  -339.00 DKK
  Expenses:Other                339.00 DKK

2022-11-02 * "Netto Vigerslevvej" "Dagligvarer" #spiir
  spiir-id: "638029716502376866"
  Assets:Checking:Dagligvarer  -70.95 DKK
  Expenses:Food:Groceries       70.95 DKK

2022-11-03 * "Toolbeer.Dk Copenhagen" "Tobak & alkohol" #spiir
  spiir-id: "638030582567635769"
  Assets:Checking:Primary  -190.00 DKK
  Expenses:Food:Alcohol     190.00 DKK

2022-11-04 * "REMA 1000 Valby Mask" "Dagligvarer" #spiir
  spiir-id: "638031444709667437"
  Assets:Checking:Dagligvarer  -54.00 DKK
  Expenses:Food:Groceries       54.00 DKK

2022-11-04 * "Kvickly Hvidovre" "Dagligvarer" #spiir
  spiir-id: "638032308513821061"
  Assets:Checking:Dagligvarer  -101.51 DKK
  Expenses:Food:Groceries       101.51 DKK

2022-11-05 * "MobilePay Hvidovreforeningernes Gen" "Gaver & velgørenhed" #spiir
  spiir-id: "638033146682637365"
  Assets:Checking:Dagligvarer  -100.00 DKK
  Expenses:Gifts                100.00 DKK

2022-11-05 * "MobilePay Hvidovreforeningernes Gen" "Gaver & velgørenhed" #spiir
  spiir-id: "638033146682637366"
  Assets:Checking:Dagligvarer  -15.00 DKK
  Expenses:Gifts                15.00 DKK

2022-11-05 * "MobilePay Hvidovreforeningernes Gen" "Gaver & velgørenhed" #spiir
  spiir-id: "638033146682637367"
  Assets:Checking:Dagligvarer  -15.00 DKK
  Expenses:Gifts                15.00 DKK

2022-11-07 * "cykelgear.dk" "Hobby & sportsudstyr" #spiir
  spiir-id: "638034083055779586"
  Assets:Checking:Primary   -799.00 DKK
  Expenses:Shopping:Sports   799.00 DKK

2022-11-07 * "Ida Ingeniørfore. i Danm" "Fagforening & a-kasse" #spiir
  spiir-id: "638034083055779587"
  Assets:Checking:Primary   -878.25 DKK
  Expenses:Insurance:Union   878.25 DKK

2022-11-07 * "Ida Tandforsikring" "Sundheds- & sygeforsikring" #spiir
  spiir-id: "638034083748893016"
  Assets:Checking:Fixed      -620.00 DKK
  Expenses:Insurance:Health   620.00 DKK

2022-11-07 * "Hvidovre kommune" "Institution" #spiir
  spiir-id: "638034083748893017"
  Assets:Checking:Fixed      -3941.00 DKK
  Expenses:Kids:Institution   3941.00 DKK

2022-11-07 * "Ida Tandforsikring" "Sundheds- & sygeforsikring" #spiir
  spiir-id: "638034083748893018"
  Assets:Checking:Fixed      -620.00 DKK
  Expenses:Insurance:Health   620.00 DKK

2022-11-07 * "Ume Asia Supermarket" "Dagligvarer" #spiir
  spiir-id: "638034084195943278"
  Assets:Checking:Dagligvarer  -314.45 DKK
  Expenses:Food:Groceries       314.45 DKK

2022-11-07 * "Netto Avedoere" "Dagligvarer" #spiir
  spiir-id: "638034084195943279"
  Assets:Checking:Dagligvarer  -138.00 DKK
  Expenses:Food:Groceries       138.00 DKK

2022-11-07 * "Fakta" "Dagligvarer" #spiir
  spiir-id: "638034084195943280"
  Assets:Checking:Dagligvarer  -91.20 DKK
  Expenses:Food:Groceries       91.20 DKK

2022-11-07 * "Fakta" "Dagligvarer" #spiir
  spiir-id: "638034084195943281"
  Assets:Checking:Dagligvarer  -131.50 DKK
  Expenses:Food:Groceries       131.50 DKK

2022-11-07 * "Eat Your Heart Out ApS Copenhagen" "Bar, cafe & restaurant" #spiir
  spiir-id: "638034084195943282"
  Assets:Checking:Dagligvarer  -180.00 DKK
  Expenses:Food:Restaurant      180.00 DKK

2022-11-07 * "Curaprox Denmark" "Frisør & personlig pleje" #spiir
  spiir-id: "638034084195943283"
  Assets:Checking:Dagligvarer      -320.00 DKK
  Expenses:Shopping:Personal-Care   320.00 DKK

2022-11-07 * "ATM payment Halmtorvet" "Kontanthævning & check" #spiir
  spiir-id: "638034896831354261"
  Assets:Checking:Dagligvarer  -500.00 DKK
  Expenses:Cash                 500.00 DKK

2022-11-07 * "Kft 1 ApS" "Dagligvarer" #spiir
  spiir-id: "638034896831354262"
  Assets:Checking:Dagligvarer  -20.00 DKK
  Expenses:Food:Groceries       20.00 DKK

2022-11-07 * "boxdelux.dk" "Møbler & boligudstyr" #spiir
  spiir-id: "638034896831555405"
  Assets:Checking:Dagligvarer  -258.00 DKK
  Expenses:Shopping:Furniture   258.00 DKK

2022-11-08 * "Aktieselskabet Bre" "Bar, cafe & restaurant" #spiir
  spiir-id: "638034896831354258"
  Assets:Checking:Dagligvarer  -170.00 DKK
  Expenses:Food:Restaurant      170.00 DKK

2022-11-08 * "Aktieselskabet Bre" "Bar, cafe & restaurant" #spiir
  spiir-id: "638034896831354259"
  Assets:Checking:Dagligvarer  -160.00 DKK
  Expenses:Food:Restaurant      160.00 DKK

2022-11-08 * "Aktieselskabet Bre" "Bar, cafe & restaurant" #spiir
  spiir-id: "638034896831354260"
  Assets:Checking:Dagligvarer   160.00 DKK
  Expenses:Food:Restaurant     -160.00 DKK

2022-11-08 * "Tommi's Burger Joi" "Fastfood & takeaway" #spiir
  spiir-id: "638078521975976364"
  Assets:Checking:Primary  -164.00 DKK
  Expenses:Food:Takeaway    164.00 DKK

2022-11-08 * "H.W. Larsen & Sønn" "Møbler & boligudstyr" #spiir
  spiir-id: "638078522150333848"
  Assets:Checking:Dagligvarer  -590.00 DKK
  Expenses:Shopping:Furniture   590.00 DKK

2022-11-10 * "Jagger Fast Food K" "Fastfood & takeaway" #spiir
  spiir-id: "638078521975976363"
  Assets:Checking:Primary  -284.00 DKK
  Expenses:Food:Takeaway    284.00 DKK

2022-11-10 * "Lidl" "Dagligvarer" #spiir
  spiir-id: "638078522150333843"
  Assets:Checking:Dagligvarer  -151.25 DKK
  Expenses:Food:Groceries       151.25 DKK

2022-11-10 * "ATM payment Folehaven" "Kontanthævning & check" #spiir
  spiir-id: "638078522150333844"
  Assets:Checking:Dagligvarer  -500.00 DKK
  Expenses:Cash                 500.00 DKK

2022-11-10 * "OIL tank go Vigersle" "Brændstof" #spiir
  spiir-id: "638078522150333845"
  Assets:Checking:Dagligvarer  -536.49 DKK
  Expenses:Car:Gas              536.49 DKK

2022-11-10 * "FDB Kvickly Hvidovre" "Dagligvarer" #spiir
  spiir-id: "638078522150333846"
  Assets:Checking:Dagligvarer  -248.53 DKK
  Expenses:Food:Groceries       248.53 DKK

2022-11-10 * "Fakta" "Dagligvarer" #spiir
  spiir-id: "638078522150333847"
  Assets:Checking:Dagligvarer  -113.45 DKK
  Expenses:Food:Groceries       113.45 DKK

2022-11-14 * "Bump faste ufgifter" "Kontooverførsel" #spiir
  spiir-id: "638078521975976361"
  Assets:Checking:Primary  -2000.00 DKK
  Assets:Transfer           2000.00 DKK

2022-11-14 * "chilihouse.dk" "Dagligvarer" #spiir
  spiir-id: "638078521975976362"
  Assets:Checking:Primary  -411.00 DKK
  Expenses:Food:Groceries   411.00 DKK

2022-11-14 * "Hofor Vand" "El, vand, varme & renovation" #spiir
  spiir-id: "638078522078148984"
  Assets:Checking:Fixed   -3138.24 DKK
  Expenses:House:Heating   3138.24 DKK

2022-11-14 * "Fra Lee Ann Hollesen" "Kontooverførsel" #spiir
  spiir-id: "638078522078148985"
  Assets:Checking:Fixed   2000.00 DKK
  Assets:Transfer        -2000.00 DKK

2022-11-14 * "Bump faste ufgifter" "Dagligvarer" #spiir
  spiir-id: "638078522078148986"
  Assets:Checking:Fixed     2000.00 DKK
  Expenses:Food:Groceries  -2000.00 DKK

2022-11-14 * "Netto Hvidovrevej" "Dagligvarer" #spiir
  spiir-id: "638078522150333840"
  Assets:Checking:Dagligvarer  -395.00 DKK
  Expenses:Food:Groceries       395.00 DKK

2022-11-14 * "Netto Hvidovrevej" "Dagligvarer" #spiir
  spiir-id: "638078522150333841"
  Assets:Checking:Dagligvarer  -114.95 DKK
  Expenses:Food:Groceries       114.95 DKK

2022-11-14 * "Nam Nam Kobenhavn" "" #spiir
  spiir-id: "638078522150333842"
  Assets:Checking:Dagligvarer  -277.00 DKK
  Expenses:Other                277.00 DKK

2022-11-15 * "R-Bakery Hvidovre" "Kiosk, bager & specialbutikker" #spiir
  spiir-id: "638078522150333839"
  Assets:Checking:Dagligvarer  -92.00 DKK
  Expenses:Food:Kiosk           92.00 DKK

2022-11-16 * "yokoso.dk uX8od" "Bar, cafe & restaurant" #spiir
  spiir-id: "638078522150333836"
  Assets:Checking:Dagligvarer  -251.88 DKK
  Expenses:Food:Restaurant      251.88 DKK

2022-11-16 * "Ume Asia Supermarket Kobenhavn V" "Dagligvarer" #spiir
  spiir-id: "638078522150333837"
  Assets:Checking:Dagligvarer  -89.10 DKK
  Expenses:Food:Groceries       89.10 DKK

2022-11-16 * "FDB Kvickly Hvidovre" "Dagligvarer" #spiir
  spiir-id: "638078522150333838"
  Assets:Checking:Dagligvarer  -330.15 DKK
  Expenses:Food:Groceries       330.15 DKK

2022-11-17 * "Udl. kortbetaling, 1.50% af DKK -10" "Bankgebyrer" #spiir
  spiir-id: "638078521975976359"
  Assets:Checking:Primary  -16.17 DKK
  Expenses:Bank:Fees        16.17 DKK

2022-11-17 * "Kickstarter.Com Httpswww.Kick" "" #spiir
  spiir-id: "638078521975976360"
  Assets:Checking:Primary  -1078.13 DKK
  Expenses:Other            1078.13 DKK

2022-11-17 * "Netto Valby Maskin" "Dagligvarer" #spiir
  spiir-id: "638078522150333833"
  Assets:Checking:Dagligvarer  -79.65 DKK
  Expenses:Food:Groceries       79.65 DKK

2022-11-17 * "Lidl" "Dagligvarer" #spiir
  spiir-id: "638078522150333834"
  Assets:Checking:Dagligvarer  -88.05 DKK
  Expenses:Food:Groceries       88.05 DKK

2022-11-17 * "Kirppu Valby Ap" "Tøj, sko & accessories" #spiir
  spiir-id: "638078522150333835"
  Assets:Checking:Dagligvarer  -428.50 DKK
  Expenses:Shopping:Clothing    428.50 DKK

2022-11-18 * "Til Dagligvarer" "Kontooverførsel" #spiir
  spiir-id: "638078521975976357"
  Assets:Checking:Primary  -1500.00 DKK
  Assets:Transfer           1500.00 DKK

2022-11-18 * "MobilePay Orion Madsen" "Gaver & velgørenhed" #spiir
  spiir-id: "638078521975976358"
  Assets:Checking:Primary  -240.00 DKK
  Expenses:Gifts            240.00 DKK

2022-11-18 * "Lidl" "Dagligvarer" #spiir
  spiir-id: "638078522150333829"
  Assets:Checking:Dagligvarer  -147.95 DKK
  Expenses:Food:Groceries       147.95 DKK

2022-11-18 * "Fra Lee Ann Hollesen" "Kontooverførsel" #spiir
  spiir-id: "638078522150333830"
  Assets:Checking:Dagligvarer   1500.00 DKK
  Assets:Transfer              -1500.00 DKK

2022-11-18 * "Fra Primary" "Dagligvarer" #spiir
  spiir-id: "638078522150333831"
  Assets:Checking:Dagligvarer   1500.00 DKK
  Expenses:Food:Groceries      -1500.00 DKK

2022-11-18 * "Netto Hvidovrevej" "Dagligvarer" #spiir
  spiir-id: "638078522150333832"
  Assets:Checking:Dagligvarer  -144.75 DKK
  Expenses:Food:Groceries       144.75 DKK

2022-11-21 * "Beta Boulders Cope" "Bar, cafe & restaurant" #spiir
  spiir-id: "638078521975976351"
  Assets:Checking:Primary   -45.00 DKK
  Expenses:Food:Restaurant   45.00 DKK

2022-11-21 * "Beta Boulders Cope" "Bar, cafe & restaurant" #spiir
  spiir-id: "638078521975976352"
  Assets:Checking:Primary   -35.00 DKK
  Expenses:Food:Restaurant   35.00 DKK

2022-11-21 * "Beta Boulders Cope" "Bar, cafe & restaurant" #spiir
  spiir-id: "638078521975976353"
  Assets:Checking:Primary   -35.00 DKK
  Expenses:Food:Restaurant   35.00 DKK

2022-11-21 * "Beta Boulders Cope" "Bar, cafe & restaurant" #spiir
  spiir-id: "638078521975976354"
  Assets:Checking:Primary   -305.00 DKK
  Expenses:Food:Restaurant   305.00 DKK

2022-11-21 * "MobilePay Vores kebab" "Fastfood & takeaway" #spiir
  spiir-id: "638078521975976355"
  Assets:Checking:Primary  -150.00 DKK
  Expenses:Food:Takeaway    150.00 DKK

2022-11-21 * "Boulders ApS" "Sport & fritid" #spiir
  spiir-id: "638078521975976356"
  Assets:Checking:Primary        -125.00 DKK
  Expenses:Entertainment:Sports   125.00 DKK

2022-11-21 * "Spotify" "Film, musik & læsestof" #spiir
  spiir-id: "638078522078148983"
  Assets:Checking:Fixed         -124.00 DKK
  Expenses:Entertainment:Media   124.00 DKK

2022-11-21 * "Web Nordic A/S" "Apotek & medicin" #spiir
  spiir-id: "638078522150197641"
  Assets:Checking:Dagligvarer  -411.41 DKK
  Expenses:Health:Pharmacy      411.41 DKK

2022-11-21 * "Meny R@Dovre" "Dagligvarer" #spiir
  spiir-id: "638078522150197642"
  Assets:Checking:Dagligvarer  -71.95 DKK
  Expenses:Food:Groceries       71.95 DKK

2022-11-21 * "Magasin Roedovre" "Tøj, sko & accessories" #spiir
  spiir-id: "638078522150197643"
  Assets:Checking:Dagligvarer  -43.90 DKK
  Expenses:Shopping:Clothing    43.90 DKK

2022-11-21 * "Letkoeb Hvidovre" "Dagligvarer" #spiir
  spiir-id: "638078522150333820"
  Assets:Checking:Dagligvarer  -85.90 DKK
  Expenses:Food:Groceries       85.90 DKK

2022-11-21 * "Klingenberg Ost" "Dagligvarer" #spiir
  spiir-id: "638078522150333821"
  Assets:Checking:Dagligvarer  -15.00 DKK
  Expenses:Food:Groceries       15.00 DKK

2022-11-21 * "F@Tex Friheden" "Dagligvarer" #spiir
  spiir-id: "638078522150333822"
  Assets:Checking:Dagligvarer  -169.25 DKK
  Expenses:Food:Groceries       169.25 DKK

2022-11-21 * "Camellia Te" "Dagligvarer" #spiir
  spiir-id: "638078522150333823"
  Assets:Checking:Dagligvarer  -104.00 DKK
  Expenses:Food:Groceries       104.00 DKK

2022-11-21 * "Babysam Roedovre Cen" "Babyudstyr" #spiir
  spiir-id: "638078522150333824"
  Assets:Checking:Dagligvarer  -79.95 DKK
  Expenses:Kids:Baby            79.95 DKK

2022-11-21 * "Børneloppen ApS" "Babyudstyr" #spiir
  spiir-id: "638078522150333825"
  Assets:Checking:Dagligvarer  -315.00 DKK
  Expenses:Kids:Baby            315.00 DKK

2022-11-21 * "Bilka Ishøj" "Dagligvarer" #spiir
  spiir-id: "638078522150333826"
  Assets:Checking:Dagligvarer  -756.60 DKK
  Expenses:Food:Groceries       756.60 DKK

2022-11-21 * "BAUHAUS Ishøj" "Ombygning & vedligehold" #spiir
  spiir-id: "638078522150333827"
  Assets:Checking:Dagligvarer  -201.85 DKK
  Expenses:House:Renovation     201.85 DKK

2022-11-21 * "Pandasia.Dk Galten" "Dagligvarer" #spiir
  spiir-id: "638078522150333828"
  Assets:Checking:Dagligvarer  -416.00 DKK
  Expenses:Food:Groceries       416.00 DKK

2022-11-22 * "Apple.Com/Bill" "Online services & software" #spiir
  spiir-id: "638078522150197639"
  Assets:Checking:Dagligvarer      -69.00 DKK
  Expenses:Subscriptions:Software   69.00 DKK

2022-11-22 * "Apple.Com/Bill" "Online services & software" #spiir
  spiir-id: "638078522150197640"
  Assets:Checking:Dagligvarer      -17.00 DKK
  Expenses:Subscriptions:Software   17.00 DKK

2022-11-23 * "alex-cykler.dk" "Værksted & reservedele" #spiir
  spiir-id: "638078521975976350"
  Assets:Checking:Primary  -556.00 DKK
  Expenses:Car:Service      556.00 DKK

2022-11-23 * "Kft 1 ApS" "Dagligvarer" #spiir
  spiir-id: "638078522150197637"
  Assets:Checking:Dagligvarer  -78.95 DKK
  Expenses:Food:Groceries       78.95 DKK

2022-11-23 * "FDB Kvickly Hvidovre" "Dagligvarer" #spiir
  spiir-id: "638078522150197638"
  Assets:Checking:Dagligvarer  -154.40 DKK
  Expenses:Food:Groceries       154.40 DKK

2022-11-24 * "MobilePay Orion Madsen" "Gaver & velgørenhed" #spiir
  spiir-id: "638078521975976347"
  Assets:Checking:Primary   2000.00 DKK
  Expenses:Gifts           -2000.00 DKK

2022-11-24 * "ATM payment Halmtorvet" "Kontanthævning & check" #spiir
  spiir-id: "638078521975976348"
  Assets:Checking:Primary  -2000.00 DKK
  Expenses:Cash             2000.00 DKK

2022-11-24 * "UPS_DK Glostrup" "" #spiir
  spiir-id: "638078521975976349"
  Assets:Checking:Primary  -310.45 DKK
  Expenses:Other            310.45 DKK

2022-11-24 * "Dagli Brugsen" "Dagligvarer" #spiir
  spiir-id: "638078522150021359"
  Assets:Checking:Dagligvarer  -88.70 DKK
  Expenses:Food:Groceries       88.70 DKK

2022-11-25 * "Risteriet Halmtorv" "Bar, cafe & restaurant" #spiir
  spiir-id: "638078521975976346"
  Assets:Checking:Primary   -144.00 DKK
  Expenses:Food:Restaurant   144.00 DKK

2022-11-25 * "tipster.dk 384-7" "" #spiir
  spiir-id: "638078522150021357"
  Assets:Checking:Dagligvarer  -130.00 DKK
  Expenses:Other                130.00 DKK

2022-11-25 * "Ingo Vigerslev Alle" "Brændstof" #spiir
  spiir-id: "638078522150021358"
  Assets:Checking:Dagligvarer  -140.93 DKK
  Expenses:Car:Gas              140.93 DKK

2022-11-28 * "Til Dagligvarer" "Kontooverførsel" #spiir
  spiir-id: "638078521975976342"
  Assets:Checking:Primary  -1000.00 DKK
  Assets:Transfer           1000.00 DKK

2022-11-28 * "Flex Patrick 2022-11" "Kontooverførsel" #spiir
  spiir-id: "638078521975976343"
  Assets:Checking:Primary  -4519.03 DKK
  Assets:Transfer           4519.03 DKK

2022-11-28 * "Flex Patrick" "Kontooverførsel" #spiir
  spiir-id: "638078521975976344"
  Assets:Checking:Primary  -4519.03 DKK
  Assets:Transfer           4519.03 DKK

2022-11-28 * "Freetrailer +4588537700" "" #spiir
  spiir-id: "638078521975976345"
  Assets:Checking:Primary  -78.00 DKK
  Expenses:Other            78.00 DKK

2022-11-28 * "Flex Patrick 2022-11" "Kontooverførsel" #spiir
  spiir-id: "638078522077989782"
  Assets:Checking:Fixed   4519.03 DKK
  Assets:Transfer        -4519.03 DKK

2022-11-28 * "Flex LA" "Kontooverførsel" #spiir
  spiir-id: "638078522077989783"
  Assets:Checking:Fixed   4519.03 DKK
  Assets:Transfer        -4519.03 DKK

2022-11-28 * "Til Dagligvarer" "Kontooverførsel" #spiir
  spiir-id: "638078522150021351"
  Assets:Checking:Dagligvarer   1000.00 DKK
  Assets:Transfer              -1000.00 DKK

2022-11-28 * "Fra Lee Ann Hollesen" "Dagligvarer" #spiir
  spiir-id: "638078522150021352"
  Assets:Checking:Dagligvarer   1000.00 DKK
  Expenses:Food:Groceries      -1000.00 DKK

2022-11-28 * "Lidl" "Dagligvarer" #spiir
  spiir-id: "638078522150021353"
  Assets:Checking:Dagligvarer  -182.38 DKK
  Expenses:Food:Groceries       182.38 DKK

2022-11-28 * "Kvickly Hvidovre" "Dagligvarer" #spiir
  spiir-id: "638078522150021354"
  Assets:Checking:Dagligvarer  -116.45 DKK
  Expenses:Food:Groceries       116.45 DKK

2022-11-28 * "Kvickly Hvidovre" "Dagligvarer" #spiir
  spiir-id: "638078522150021355"
  Assets:Checking:Dagligvarer  -67.00 DKK
  Expenses:Food:Groceries       67.00 DKK

2022-11-28 * "Den Kinesiske K" "Dagligvarer" #spiir
  spiir-id: "638078522150021356"
  Assets:Checking:Dagligvarer  -176.50 DKK
  Expenses:Food:Groceries       176.50 DKK

2022-11-29 * "MobilePay Michelle de Marée" "Fastfood & takeaway" #spiir
  spiir-id: "638078521975976332"
  Assets:Checking:Primary   45.00 DKK
  Expenses:Food:Takeaway   -45.00 DKK

2022-11-29 * "Tivoli A/S F&B" "Biograf, koncerter & forlystelser" #spiir
  spiir-id: "638078521975976333"
  Assets:Checking:Primary        -40.00 DKK
  Expenses:Entertainment:Events   40.00 DKK

2022-11-29 * "MobilePay Michelle de Marée" "Fastfood & takeaway" #spiir
  spiir-id: "638078521975976334"
  Assets:Checking:Primary   195.00 DKK
  Expenses:Food:Takeaway   -195.00 DKK

2022-11-29 * "tipster.dk 392-4" "" #spiir
  spiir-id: "638078521975976335"
  Assets:Checking:Primary  -175.00 DKK
  Expenses:Other            175.00 DKK

2022-11-29 * "Black Swan Kobenhavn K" "Bar, cafe & restaurant" #spiir
  spiir-id: "638078521975976336"
  Assets:Checking:Primary   -360.00 DKK
  Expenses:Food:Restaurant   360.00 DKK

2022-11-29 * "Black Swan Kobenhavn K" "Bar, cafe & restaurant" #spiir
  spiir-id: "638078521975976337"
  Assets:Checking:Primary   -85.00 DKK
  Expenses:Food:Restaurant   85.00 DKK

2022-11-29 * "Black Swan Kobenhavn K" "Bar, cafe & restaurant" #spiir
  spiir-id: "638078521975976338"
  Assets:Checking:Primary   -75.00 DKK
  Expenses:Food:Restaurant   75.00 DKK

2022-11-29 * "Olmand Aps Kobenhavn V" "" #spiir
  spiir-id: "638078521975976339"
  Assets:Checking:Primary  -56.00 DKK
  Expenses:Other            56.00 DKK

2022-11-29 * "AMZN Mktp DE" "Andet privatforbrug" #spiir
  spiir-id: "638078521975976340"
  Assets:Checking:Primary  -392.45 DKK
  Expenses:Shopping:Other   392.45 DKK

2022-11-29 * "CHF*Varuste.net TAMPERE" "" #spiir
  spiir-id: "638078521975976341"
  Assets:Checking:Primary  -712.10 DKK
  Expenses:Other            712.10 DKK

2022-11-30 * "Lune Spanskrør ApS" "Bar, cafe & restaurant" #spiir
  spiir-id: "638078521975976324"
  Assets:Checking:Primary   -85.00 DKK
  Expenses:Food:Restaurant   85.00 DKK

2022-11-30 * "3´s Kortbetaling" "Telefoni & internet" #spiir
  spiir-id: "638078521975976325"
  Assets:Checking:Primary         -160.00 DKK
  Expenses:Subscriptions:Telecom   160.00 DKK

2022-11-30 * "Viktoriagade Bar A" "Bar, cafe & restaurant" #spiir
  spiir-id: "638078521975976326"
  Assets:Checking:Primary   -90.00 DKK
  Expenses:Food:Restaurant   90.00 DKK

2022-11-30 * "The Cider House AP" "Bar, cafe & restaurant" #spiir
  spiir-id: "638078521975976328"
  Assets:Checking:Primary   -45.00 DKK
  Expenses:Food:Restaurant   45.00 DKK

2022-11-30 * "Killer Kebab" "Fastfood & takeaway" #spiir
  spiir-id: "638078521975976329"
  Assets:Checking:Primary  -270.00 DKK
  Expenses:Food:Takeaway    270.00 DKK

2022-11-30 * "Aktieselskabet Bre" "Bar, cafe & restaurant" #spiir
  spiir-id: "638078521975976330"
  Assets:Checking:Primary   -100.00 DKK
  Expenses:Food:Restaurant   100.00 DKK

2022-11-30 * "Aktieselskabet Bre" "Bar, cafe & restaurant" #spiir
  spiir-id: "638078521975976331"
  Assets:Checking:Primary   -100.00 DKK
  Expenses:Food:Restaurant   100.00 DKK

2022-11-30 * "Realkredit Danmark" "Boliglån/husleje" #spiir
  spiir-id: "638078522077989781"
  Assets:Checking:Fixed    -9038.06 DKK
  Expenses:House:Mortgage   9038.06 DKK

2022-11-30 * "Flyttekasser" "Andre boligudgifter" #spiir
  spiir-id: "638078522150021350"
  Assets:Checking:Dagligvarer   400.00 DKK
  Expenses:House:Other         -400.00 DKK

2022-12-01 * "hiper.dk" "Telefoni & internet" #spiir
  spiir-id: "638078521975976320"
  Assets:Checking:Primary         -249.00 DKK
  Expenses:Subscriptions:Telecom   249.00 DKK

2022-12-01 * "Faste Fællesudgifter" "Kontooverførsel" #spiir
  spiir-id: "638078521975976321"
  Assets:Checking:Primary  -500.00 DKK
  Assets:Transfer           500.00 DKK

2022-12-01 * "Dagligvarer" "Kontooverførsel" #spiir
  spiir-id: "638078521975976322"
  Assets:Checking:Primary  -3500.00 DKK
  Assets:Transfer           3500.00 DKK

2022-12-01 * "iCloud Fastefæll.udgifte" "Kontooverførsel" #spiir
  spiir-id: "638078521975976323"
  Assets:Checking:Primary   69.00 DKK
  Assets:Transfer          -69.00 DKK

2022-12-01 * "Lønoverførsel" "Løn" #spiir
  spiir-id: "638078521975976327"
  Assets:Checking:Primary   50084.33 DKK
  Income:Salary            -50084.33 DKK

2022-12-01 * "Tryg" "Indbo- & familieforsikring" #spiir
  spiir-id: "638078522077989776"
  Assets:Checking:Fixed              -370.43 DKK
  Expenses:House:Contents-Insurance   370.43 DKK

2022-12-01 * "Faste fællesudgifter" "Kontooverførsel" #spiir
  spiir-id: "638078522077989777"
  Assets:Checking:Fixed   500.00 DKK
  Assets:Transfer        -500.00 DKK

2022-12-01 * "Vuggestue" "Institution" #spiir
  spiir-id: "638078522077989778"
  Assets:Checking:Fixed       2132.00 DKK
  Expenses:Kids:Institution  -2132.00 DKK

2022-12-01 * "Fast Overførsel - Patric" "Sundheds- & sygeforsikring" #spiir
  spiir-id: "638078522077989779"
  Assets:Checking:Fixed       500.00 DKK
  Expenses:Insurance:Health  -500.00 DKK

2022-12-01 * "iCloud" "Kontooverførsel" #spiir
  spiir-id: "638078522077989780"
  Assets:Checking:Fixed  -69.00 DKK
  Assets:Transfer         69.00 DKK

2022-12-01 * "SILVAN 577 Valby" "Ombygning & vedligehold" #spiir
  spiir-id: "638078522150021347"
  Assets:Checking:Dagligvarer  -243.75 DKK
  Expenses:House:Renovation     243.75 DKK

2022-12-01 * "Fællesudgifter" "Kontooverførsel" #spiir
  spiir-id: "638078522150021348"
  Assets:Checking:Dagligvarer   3500.00 DKK
  Assets:Transfer              -3500.00 DKK

2022-12-01 * "Fællesudgifter" "Ejerforening" #spiir
  spiir-id: "638078522150021349"
  Assets:Checking:Dagligvarer   3500.00 DKK
  Expenses:House:Association   -3500.00 DKK

2022-12-02 * "MobilePay Anne Bruun Olesen" "" #spiir
  spiir-id: "638078522150021341"
  Assets:Checking:Dagligvarer  -300.00 DKK
  Expenses:Other                300.00 DKK

2022-12-02 * "Kvickly Hvidovre" "Dagligvarer" #spiir
  spiir-id: "638078522150021342"
  Assets:Checking:Dagligvarer  -20.00 DKK
  Expenses:Food:Groceries       20.00 DKK

2022-12-02 * "Kvickly Hvidovre" "Dagligvarer" #spiir
  spiir-id: "638078522150021343"
  Assets:Checking:Dagligvarer  -164.75 DKK
  Expenses:Food:Groceries       164.75 DKK

2022-12-02 * "Normal K@Benhav" "Frisør & personlig pleje" #spiir
  spiir-id: "638078522150021344"
  Assets:Checking:Dagligvarer      -28.00 DKK
  Expenses:Shopping:Personal-Care   28.00 DKK

2022-12-02 * "Lidl" "Dagligvarer" #spiir
  spiir-id: "638078522150021345"
  Assets:Checking:Dagligvarer  -170.80 DKK
  Expenses:Food:Groceries       170.80 DKK

2022-12-02 * "F@Tex Food Torv" "Dagligvarer" #spiir
  spiir-id: "638078522150021346"
  Assets:Checking:Dagligvarer  -230.75 DKK
  Expenses:Food:Groceries       230.75 DKK

2022-12-05 * "tipster.dk 392-3" "" #spiir
  spiir-id: "638078521975976318"
  Assets:Checking:Primary  -175.00 DKK
  Expenses:Other            175.00 DKK

2022-12-05 * "Toolbeer.Dk Copenhagen" "Tobak & alkohol" #spiir
  spiir-id: "638078521975976319"
  Assets:Checking:Primary  -190.00 DKK
  Expenses:Food:Alcohol     190.00 DKK

2022-12-05 * "F@Tex Friheden" "Dagligvarer" #spiir
  spiir-id: "638078522150021339"
  Assets:Checking:Dagligvarer  -99.00 DKK
  Expenses:Food:Groceries       99.00 DKK

2022-12-05 * "Netto Hvidovrevej" "Dagligvarer" #spiir
  spiir-id: "638078522150021340"
  Assets:Checking:Dagligvarer  -455.45 DKK
  Expenses:Food:Groceries       455.45 DKK

2022-12-06 * "Hvidovre kommune" "Institution" #spiir
  spiir-id: "638078522077989775"
  Assets:Checking:Fixed      -3941.00 DKK
  Expenses:Kids:Institution   3941.00 DKK

2022-12-06 * "MobilePay Coop App" "Dagligvarer" #spiir
  spiir-id: "638078522150021338"
  Assets:Checking:Dagligvarer  -189.95 DKK
  Expenses:Food:Groceries       189.95 DKK

2022-12-08 * "Alhoda Halal Slagt" "Dagligvarer" #spiir
  spiir-id: "638078522150021336"
  Assets:Checking:Dagligvarer  -283.00 DKK
  Expenses:Food:Groceries       283.00 DKK

2022-12-08 * "F@Tex Friheden" "Dagligvarer" #spiir
  spiir-id: "638078522150021337"
  Assets:Checking:Dagligvarer  -265.90 DKK
  Expenses:Food:Groceries       265.90 DKK

2022-12-09 * "Rejsekort - DSB" "Bus, tog, færge o.l." #spiir
  spiir-id: "638078521975803076"
  Assets:Checking:Primary    -300.00 DKK
  Expenses:Transport:Public   300.00 DKK

2022-12-09 * "Lidl" "Dagligvarer" #spiir
  spiir-id: "638078522150021335"
  Assets:Checking:Dagligvarer  -86.85 DKK
  Expenses:Food:Groceries       86.85 DKK

2022-12-12 * "Kvickly Hvidovre" "Dagligvarer" #spiir
  spiir-id: "638078522150021324"
  Assets:Checking:Dagligvarer  -22.00 DKK
  Expenses:Food:Groceries       22.00 DKK

2022-12-12 * "MobilePay Coop App" "Dagligvarer" #spiir
  spiir-id: "638078522150021325"
  Assets:Checking:Dagligvarer  -151.50 DKK
  Expenses:Food:Groceries       151.50 DKK

2022-12-12 * "F@Tex Fisketorv" "Dagligvarer" #spiir
  spiir-id: "638078522150021326"
  Assets:Checking:Dagligvarer  -159.20 DKK
  Expenses:Food:Groceries       159.20 DKK

2022-12-12 * "B@Rneloppen Aps" "Tøj, sko & accessories" #spiir
  spiir-id: "638078522150021327"
  Assets:Checking:Dagligvarer  -198.50 DKK
  Expenses:Shopping:Clothing    198.50 DKK

2022-12-12 * "B@Rneloppen Aps" "Tøj, sko & accessories" #spiir
  spiir-id: "638078522150021328"
  Assets:Checking:Dagligvarer  -118.50 DKK
  Expenses:Shopping:Clothing    118.50 DKK

2022-12-12 * "Fai Market Kobenhavn N" "Kiosk, bager & specialbutikker" #spiir
  spiir-id: "638078522150021329"
  Assets:Checking:Dagligvarer  -65.00 DKK
  Expenses:Food:Kiosk           65.00 DKK

2022-12-12 * "OIL tank go Vigersle" "Brændstof" #spiir
  spiir-id: "638078522150021330"
  Assets:Checking:Dagligvarer  -233.41 DKK
  Expenses:Car:Gas              233.41 DKK

2022-12-12 * "Hm Dk0809" "Tøj, sko & accessories" #spiir
  spiir-id: "638078522150021331"
  Assets:Checking:Dagligvarer  -228.00 DKK
  Expenses:Shopping:Clothing    228.00 DKK

2022-12-12 * "EasyPark A/S" "Parkering" #spiir
  spiir-id: "638078522150021332"
  Assets:Checking:Dagligvarer  -8.55 DKK
  Expenses:Car:Parking          8.55 DKK

2022-12-12 * "Bahne Fisketorv" "Gaver & velgørenhed" #spiir
  spiir-id: "638078522150021333"
  Assets:Checking:Dagligvarer  -18.05 DKK
  Expenses:Gifts                18.05 DKK

2022-12-12 * "Bagt Aps" "Kiosk, bager & specialbutikker" #spiir
  spiir-id: "638078522150021334"
  Assets:Checking:Dagligvarer  -18.00 DKK
  Expenses:Food:Kiosk           18.00 DKK

2022-12-13 * "Lidl" "Dagligvarer" #spiir
  spiir-id: "638078522150021319"
  Assets:Checking:Dagligvarer  -347.24 DKK
  Expenses:Food:Groceries       347.24 DKK

2022-12-13 * "Kirppu Valby Ap" "Tøj, sko & accessories" #spiir
  spiir-id: "638078522150021320"
  Assets:Checking:Dagligvarer  -277.50 DKK
  Expenses:Shopping:Clothing    277.50 DKK

2022-12-13 * "EasyPark A/S" "Parkering" #spiir
  spiir-id: "638078522150021321"
  Assets:Checking:Dagligvarer  -8.50 DKK
  Expenses:Car:Parking          8.50 DKK

2022-12-13 * "EasyPark A/S" "Parkering" #spiir
  spiir-id: "638078522150021322"
  Assets:Checking:Dagligvarer  -6.00 DKK
  Expenses:Car:Parking          6.00 DKK

2022-12-13 * "EasyPark A/S" "Parkering" #spiir
  spiir-id: "638078522150021323"
  Assets:Checking:Dagligvarer  -22.00 DKK
  Expenses:Car:Parking          22.00 DKK

2022-12-14 * "Hvidovre Apotek" "Apotek & medicin" #spiir
  spiir-id: "638078522149896024"
  Assets:Checking:Dagligvarer  -300.55 DKK
  Expenses:Health:Pharmacy      300.55 DKK

2022-12-14 * "Kvickly Hvidovre" "Dagligvarer" #spiir
  spiir-id: "638078522150021312"
  Assets:Checking:Dagligvarer  -132.00 DKK
  Expenses:Food:Groceries       132.00 DKK

2022-12-14 * "Kvickly Hvidovre" "Dagligvarer" #spiir
  spiir-id: "638078522150021313"
  Assets:Checking:Dagligvarer  -123.85 DKK
  Expenses:Food:Groceries       123.85 DKK

2022-12-14 * "Hvidovre Apotek" "Apotek & medicin" #spiir
  spiir-id: "638078522150021314"
  Assets:Checking:Dagligvarer  -64.10 DKK
  Expenses:Health:Pharmacy      64.10 DKK

2022-12-14 * "Kvickly Hvidovre" "Dagligvarer" #spiir
  spiir-id: "638078522150021315"
  Assets:Checking:Dagligvarer  -32.00 DKK
  Expenses:Food:Groceries       32.00 DKK

2022-12-14 * "Google Nest g.co/helppayÆ" "Alarmsystem" #spiir
  spiir-id: "638078522150021316"
  Assets:Checking:Dagligvarer  -40.00 DKK
  Expenses:House:Alarm          40.00 DKK

2022-12-14 * "Bagt Aps" "Kiosk, bager & specialbutikker" #spiir
  spiir-id: "638078522150021317"
  Assets:Checking:Dagligvarer  -66.00 DKK
  Expenses:Food:Kiosk           66.00 DKK

2022-12-14 * "Aarstiderne A/S" "Kiosk, bager & specialbutikker" #spiir
  spiir-id: "638078522150021318"
  Assets:Checking:Dagligvarer  -8.32 DKK
  Expenses:Food:Kiosk           8.32 DKK

2022-12-15 * "MobilePay Joann Denifi" "" #spiir
  spiir-id: "638078522149896022"
  Assets:Checking:Dagligvarer  -150.00 DKK
  Expenses:Other                150.00 DKK

2022-12-15 * "MobilePay Coop App" "Dagligvarer" #spiir
  spiir-id: "638078522149896023"
  Assets:Checking:Dagligvarer  -134.95 DKK
  Expenses:Food:Groceries       134.95 DKK

2022-12-16 * "tipster.dk 547-2" "" #spiir
  spiir-id: "638078522149896020"
  Assets:Checking:Dagligvarer  -250.00 DKK
  Expenses:Other                250.00 DKK

2022-12-16 * "7-Eleven B" "Kiosk, bager & specialbutikker" #spiir
  spiir-id: "638078522149896021"
  Assets:Checking:Dagligvarer  -51.00 DKK
  Expenses:Food:Kiosk           51.00 DKK

2022-12-17 * "MobilePay: WeShare" "Bar, cafe & restaurant" #spiir
  spiir-id: "638078521975803074"
  Assets:Checking:Primary   -3600.19 DKK
  Expenses:Food:Restaurant   3600.19 DKK

2022-12-17 * "MobilePay: WeShare" "Bar, cafe & restaurant" #spiir
  spiir-id: "638078521975803075"
  Assets:Checking:Primary   -2525.00 DKK
  Expenses:Food:Restaurant   2525.00 DKK

2022-12-18 * "MobilePay: WeShare" "Bar, cafe & restaurant" #spiir
  spiir-id: "638078521975803073"
  Assets:Checking:Primary   -193.50 DKK
  Expenses:Food:Restaurant   193.50 DKK

2022-12-19 * "Kvickly Hvidovre" "Dagligvarer" #spiir
  spiir-id: "638078522149896017"
  Assets:Checking:Dagligvarer  -507.90 DKK
  Expenses:Food:Groceries       507.90 DKK

2022-12-19 * "Netto Valby Maskin" "Dagligvarer" #spiir
  spiir-id: "638078522149896018"
  Assets:Checking:Dagligvarer  -77.90 DKK
  Expenses:Food:Groceries       77.90 DKK

2022-12-19 * "Netto Hvidovrevej" "Dagligvarer" #spiir
  spiir-id: "638078522149896019"
  Assets:Checking:Dagligvarer  -501.80 DKK
  Expenses:Food:Groceries       501.80 DKK

2022-12-20 * "Spotify" "Film, musik & læsestof" #spiir
  spiir-id: "638078522077989774"
  Assets:Checking:Fixed         -124.00 DKK
  Expenses:Entertainment:Media   124.00 DKK

2022-12-20 * "Apple.Com/Bill" "Online services & software" #spiir
  spiir-id: "638078522149896015"
  Assets:Checking:Dagligvarer      -69.00 DKK
  Expenses:Subscriptions:Software   69.00 DKK

2022-12-20 * "Boulders ApS" "Sport & fritid" #spiir
  spiir-id: "638078522149896016"
  Assets:Checking:Dagligvarer    -95.00 DKK
  Expenses:Entertainment:Sports   95.00 DKK

2022-12-21 * "Netto Daells" "Dagligvarer" #spiir
  spiir-id: "638078522149896011"
  Assets:Checking:Dagligvarer  -49.55 DKK
  Expenses:Food:Groceries       49.55 DKK

2022-12-21 * "Espresso House7152" "Bar, cafe & restaurant" #spiir
  spiir-id: "638078522149896012"
  Assets:Checking:Dagligvarer  -174.00 DKK
  Expenses:Food:Restaurant      174.00 DKK

2022-12-21 * "Klingenberg Ost" "Dagligvarer" #spiir
  spiir-id: "638078522149896013"
  Assets:Checking:Dagligvarer  -78.48 DKK
  Expenses:Food:Groceries       78.48 DKK

2022-12-21 * "Mad med mere v/Lil" "Dagligvarer" #spiir
  spiir-id: "638078522149896014"
  Assets:Checking:Dagligvarer  -395.33 DKK
  Expenses:Food:Groceries       395.33 DKK

2022-12-22 * "Netto Vigerslevvej" "Dagligvarer" #spiir
  spiir-id: "638078522149896005"
  Assets:Checking:Dagligvarer  -54.80 DKK
  Expenses:Food:Groceries       54.80 DKK

2022-12-22 * "Fakta" "Dagligvarer" #spiir
  spiir-id: "638078522149896006"
  Assets:Checking:Dagligvarer  -159.40 DKK
  Expenses:Food:Groceries       159.40 DKK

2022-12-22 * "Camellia Te Rodovre" "" #spiir
  spiir-id: "638078522149896007"
  Assets:Checking:Dagligvarer  -133.00 DKK
  Expenses:Other                133.00 DKK

2022-12-22 * "Dk1036" "Frisør & personlig pleje" #spiir
  spiir-id: "638078522149896008"
  Assets:Checking:Dagligvarer      -22.00 DKK
  Expenses:Shopping:Personal-Care   22.00 DKK

2022-12-22 * "Centrum-Fisk" "Dagligvarer" #spiir
  spiir-id: "638078522149896009"
  Assets:Checking:Dagligvarer  -357.40 DKK
  Expenses:Food:Groceries       357.40 DKK

2022-12-22 * "Democratic Coffee" "Bar, cafe & restaurant" #spiir
  spiir-id: "638078522149896010"
  Assets:Checking:Dagligvarer  -87.00 DKK
  Expenses:Food:Restaurant      87.00 DKK

2022-12-23 * "Top op" "Kontooverførsel" #spiir
  spiir-id: "638078521975803071"
  Assets:Checking:Primary  -1000.00 DKK
  Assets:Transfer           1000.00 DKK

2022-12-23 * "MobilePay Ruth madsen" "Gaver & velgørenhed" #spiir
  spiir-id: "638078521975803072"
  Assets:Checking:Primary   2000.00 DKK
  Expenses:Gifts           -2000.00 DKK

2022-12-23 * "Top op" "Kontooverførsel" #spiir
  spiir-id: "638078522077989773"
  Assets:Checking:Fixed   1000.00 DKK
  Assets:Transfer        -1000.00 DKK

2022-12-23 * "MobilePay Coop App" "Dagligvarer" #spiir
  spiir-id: "638078522149896000"
  Assets:Checking:Dagligvarer  -499.75 DKK
  Expenses:Food:Groceries       499.75 DKK

2022-12-23 * "Fra Lee Ann Hollesen" "Dagligvarer" #spiir
  spiir-id: "638078522149896001"
  Assets:Checking:Dagligvarer   1000.00 DKK
  Expenses:Food:Groceries      -1000.00 DKK

2022-12-23 * "tipster.dk 587-1" "" #spiir
  spiir-id: "638078522149896002"
  Assets:Checking:Dagligvarer  -50.00 DKK
  Expenses:Other                50.00 DKK

2022-12-23 * "Restaurationsselskabet Ha Dk-1459" "Bar, cafe & restaurant" #spiir
  spiir-id: "638078522149896003"
  Assets:Checking:Dagligvarer  -73.00 DKK
  Expenses:Food:Restaurant      73.00 DKK

2022-12-23 * "Roast Coffee A Kobenhavn" "Bar, cafe & restaurant" #spiir
  spiir-id: "638078522149896004"
  Assets:Checking:Dagligvarer  -176.00 DKK
  Expenses:Food:Restaurant      176.00 DKK

2022-12-24 * "Flex lån - Patrick" "Kontooverførsel" #spiir
  spiir-id: "638078521975803070"
  Assets:Checking:Primary  -9038.03 DKK
  Assets:Transfer           9038.03 DKK

2022-12-24 * "Flex lån - Patrick" "Kontooverførsel" #spiir
  spiir-id: "638078522077989772"
  Assets:Checking:Fixed   9038.03 DKK
  Assets:Transfer        -9038.03 DKK

2022-12-25 * "Flex Patrick" "Kontooverførsel" #spiir
  spiir-id: "638078521975803067"
  Assets:Checking:Primary  -4519.02 DKK
  Assets:Transfer           4519.02 DKK

2022-12-25 * "Flex lån - Patrick" "Kontooverførsel" #spiir
  spiir-id: "638078521975803068"
  Assets:Checking:Primary  -4519.02 DKK
  Assets:Transfer           4519.02 DKK

2022-12-25 * "Retur" "Kontooverførsel" #spiir
  spiir-id: "638078521975803069"
  Assets:Checking:Primary   9038.03 DKK
  Assets:Transfer          -9038.03 DKK

2022-12-25 * "Fra Patrick" "Kontooverførsel" #spiir
  spiir-id: "638078522077989768"
  Assets:Checking:Fixed  -1000.00 DKK
  Assets:Transfer         1000.00 DKK

2022-12-25 * "Flex lån - Patrick" "Kontooverførsel" #spiir
  spiir-id: "638078522077989769"
  Assets:Checking:Fixed   4519.02 DKK
  Assets:Transfer        -4519.02 DKK

2022-12-25 * "Flekslån" "Kontooverførsel" #spiir
  spiir-id: "638078522077989770"
  Assets:Checking:Fixed   4519.02 DKK
  Assets:Transfer        -4519.02 DKK

2022-12-25 * "Retur" "Kontooverførsel" #spiir
  spiir-id: "638078522077989771"
  Assets:Checking:Fixed  -9038.03 DKK
  Assets:Transfer         9038.03 DKK

2022-12-25 * "Fra Patrick" "Kontooverførsel" #spiir
  spiir-id: "638078522149895999"
  Assets:Checking:Dagligvarer   1000.00 DKK
  Assets:Transfer              -1000.00 DKK

2022-12-26 * "MobilePay PostNord Danmark Online P" "Andet privatforbrug" #spiir
  spiir-id: "638078521975803066"
  Assets:Checking:Primary  -50.00 DKK
  Expenses:Shopping:Other   50.00 DKK

2022-12-27 * "Genbrug, Folkekirk" "Tøj, sko & accessories" #spiir
  spiir-id: "638078522149895994"
  Assets:Checking:Dagligvarer  -15.00 DKK
  Expenses:Shopping:Clothing    15.00 DKK

2022-12-27 * "Netto Hvidovrevej" "Dagligvarer" #spiir
  spiir-id: "638078522149895995"
  Assets:Checking:Dagligvarer  -291.90 DKK
  Expenses:Food:Groceries       291.90 DKK

2022-12-27 * "Fakta" "Dagligvarer" #spiir
  spiir-id: "638078522149895996"
  Assets:Checking:Dagligvarer  -83.72 DKK
  Expenses:Food:Groceries       83.72 DKK

2022-12-27 * "Netto Gl Koege Lande" "Dagligvarer" #spiir
  spiir-id: "638078522149895997"
  Assets:Checking:Dagligvarer  -227.15 DKK
  Expenses:Food:Groceries       227.15 DKK

2022-12-27 * "Børneloppen ApS" "Babyudstyr" #spiir
  spiir-id: "638078522149895998"
  Assets:Checking:Dagligvarer  -365.00 DKK
  Expenses:Kids:Baby            365.00 DKK

2022-12-28 * "Vuggestue - Patrick" "Kontooverførsel" #spiir
  spiir-id: "638078521975803064"
  Assets:Checking:Primary  -4264.00 DKK
  Assets:Transfer           4264.00 DKK

2022-12-28 * "Til Dagligvarer" "Kontooverførsel" #spiir
  spiir-id: "638078521975803065"
  Assets:Checking:Primary  -2000.00 DKK
  Assets:Transfer           2000.00 DKK

2022-12-28 * "Vuggestue - Patrick" "Kontooverførsel" #spiir
  spiir-id: "638078522077989767"
  Assets:Checking:Fixed   4264.00 DKK
  Assets:Transfer        -4264.00 DKK

2022-12-28 * "Fra Lee Ann Hollesen" "Kontooverførsel" #spiir
  spiir-id: "638078522149895990"
  Assets:Checking:Dagligvarer   2000.00 DKK
  Assets:Transfer              -2000.00 DKK

2022-12-28 * "Fra Primary" "Dagligvarer" #spiir
  spiir-id: "638078522149895991"
  Assets:Checking:Dagligvarer   2000.00 DKK
  Expenses:Food:Groceries      -2000.00 DKK

2022-12-28 * "Fakta" "Dagligvarer" #spiir
  spiir-id: "638078522149895992"
  Assets:Checking:Dagligvarer  -123.15 DKK
  Expenses:Food:Groceries       123.15 DKK

2022-12-28 * "Jysk D075" "Møbler & boligudstyr" #spiir
  spiir-id: "638078522149895993"
  Assets:Checking:Dagligvarer  -865.00 DKK
  Expenses:Shopping:Furniture   865.00 DKK

2022-12-28 * "Ejendomsskat - PRM" "Kontooverførsel" #spiir
  spiir-id: "638078564501400078"
  Assets:Checking:Primary  -7452.50 DKK
  Assets:Transfer           7452.50 DKK

2022-12-28 * "Ejendomsskat - LAH" "Kontooverførsel" #spiir
  spiir-id: "638078564619062165"
  Assets:Checking:Fixed   7452.50 DKK
  Assets:Transfer        -7452.50 DKK

2022-12-28 * "Ejendomsskat - PRM" "Ejendomsskat" #spiir
  spiir-id: "638078564619062166"
  Assets:Checking:Fixed   7452.50 DKK
  Expenses:House:Tax     -7452.50 DKK

2022-12-28 * "Rejseforsikring - PRM" "Kontooverførsel" #spiir
  spiir-id: "638078996975825086"
  Assets:Checking:Primary  -542.00 DKK
  Assets:Transfer           542.00 DKK

2022-12-28 * "Rejseforsikring - LAH" "Kontooverførsel" #spiir
  spiir-id: "638078997815532534"
  Assets:Checking:Fixed   542.00 DKK
  Assets:Transfer        -542.00 DKK

2022-12-28 * "Rejseforsikring - PRM" "Rejseforsikring" #spiir
  spiir-id: "638078997815532535"
  Assets:Checking:Fixed       542.00 DKK
  Expenses:Travel:Insurance  -542.00 DKK

2022-12-29 * "Roast Coffee A Kobenhavn" "Bar, cafe & restaurant" #spiir
  spiir-id: "638078996975825085"
  Assets:Checking:Primary   -176.00 DKK
  Expenses:Food:Restaurant   176.00 DKK

2022-12-29 * "Parkering Kbh Kn-R Koebenhavn V" "Parkering" #spiir
  spiir-id: "638078998893534655"
  Assets:Checking:Dagligvarer  -24.70 DKK
  Expenses:Car:Parking          24.70 DKK

2022-12-29 * "kitchentime.dk Uppsala" "Gaver & velgørenhed" #spiir
  spiir-id: "638078998893534656"
  Assets:Checking:Dagligvarer  -1059.00 DKK
  Expenses:Gifts                1059.00 DKK

2022-12-29 * "Dalgas Boulevard A" "Apotek & medicin" #spiir
  spiir-id: "638079873905657602"
  Assets:Checking:Dagligvarer  -217.45 DKK
  Expenses:Health:Pharmacy      217.45 DKK

2022-12-30 * "Realkredit Danmark" "Boliglån/husleje" #spiir
  spiir-id: "638079873272972054"
  Assets:Checking:Fixed    -9038.03 DKK
  Expenses:House:Mortgage   9038.03 DKK

2022-12-30 * "Flintholm Svømmeha" "Sport & fritid" #spiir
  spiir-id: "638079873905657600"
  Assets:Checking:Dagligvarer    -70.00 DKK
  Expenses:Entertainment:Sports   70.00 DKK

2022-12-30 * "sportstiming.dk" "Sport & fritid" #spiir
  spiir-id: "638079873905657601"
  Assets:Checking:Dagligvarer    -917.04 DKK
  Expenses:Entertainment:Sports   917.04 DKK

2022-12-30 * "3´s Kortbetaling" "Telefoni & internet" #spiir
  spiir-id: "638080716183160809"
  Assets:Checking:Primary         -160.00 DKK
  Expenses:Subscriptions:Telecom   160.00 DKK

2022-12-30 * "E Billet A/S" "Biograf, koncerter & forlystelser" #spiir
  spiir-id: "638080717234785544"
  Assets:Checking:Dagligvarer    -205.00 DKK
  Expenses:Entertainment:Events   205.00 DKK

2022-12-30 * "Kvickly Hvidovre" "Dagligvarer" #spiir
  spiir-id: "638080717234785545"
  Assets:Checking:Dagligvarer  -235.40 DKK
  Expenses:Food:Groceries       235.40 DKK

2022-12-30 * "Debit interest" "Udlånsrenter" #spiir
  spiir-id: "638081520388121890"
  Assets:Checking:Fixed    -14.31 DKK
  Expenses:Loans:Interest   14.31 DKK

2022-12-30 * "Debit interest" "Udlånsrenter" #spiir
  spiir-id: "638081520831571983"
  Assets:Checking:Dagligvarer  -0.95 DKK
  Expenses:Loans:Interest       0.95 DKK

