; Spiir import for 2023
; Generated by import_spiir.py

2023-01-01 * "Lønoverførsel" "Løn" #spiir
  spiir-id: "638079872373867984"
  Assets:Checking:Primary  40811.33 DKK
  Income:Salary  -40811.33 DKK

2023-01-02 * "Spotify" "Kontooverførsel" #spiir
  spiir-id: "638082441267622274"
  Assets:Checking:Primary  -97.00 DKK
  Assets:Transfer  97.00 DKK

2023-01-02 * "Tandforsikring - PRM" "Kontooverførsel" #spiir
  spiir-id: "638082441267735617"
  Assets:Checking:Primary  -60.00 DKK
  Assets:Transfer  60.00 DKK

2023-01-02 * "Hus, indboforsikr - PRM" "Kontooverførsel" #spiir
  spiir-id: "638082441267735618"
  Assets:Checking:Primary  -347.00 DKK
  Assets:Transfer  347.00 DKK

2023-01-02 * "Bilforsikr, afgift - PRM" "Kontooverførsel" #spiir
  spiir-id: "638082441267735619"
  Assets:Checking:Primary  -200.00 DKK
  Assets:Transfer  200.00 DKK

2023-01-02 * "Ejendommensskat - PRM" "Kontooverførsel" #spiir
  spiir-id: "638082441267735620"
  Assets:Checking:Primary  -1224.50 DKK
  Assets:Transfer  1224.50 DKK

2023-01-02 * "Vuggestue - PRM" "Kontooverførsel" #spiir
  spiir-id: "638082441267735621"
  Assets:Checking:Primary  -1971.00 DKK
  Assets:Transfer  1971.00 DKK

2023-01-02 * "El, vand og varme - PRM" "Kontooverførsel" #spiir
  spiir-id: "638082441267735622"
  Assets:Checking:Primary  -1084.00 DKK
  Assets:Transfer  1084.00 DKK

2023-01-02 * "Dagligvarer - PRM" "Kontooverførsel" #spiir
  spiir-id: "638082441267735623"
  Assets:Checking:Primary  -3500.00 DKK
  Assets:Transfer  3500.00 DKK

2023-01-02 * "Aldersopsparing" "Pensionsopsparing" #spiir
  spiir-id: "638082441267735624"
  Assets:Checking:Primary  -5300.00 DKK
  Assets:Savings:Pension  5300.00 DKK

2023-01-02 * "iCloud Fastefæll.udgifte" "Kontooverførsel" #spiir
  spiir-id: "638082441267735625"
  Assets:Checking:Primary  69.00 DKK
  Assets:Transfer  -69.00 DKK

2023-01-02 * "hiper.dk" "Telefoni & internet" #spiir
  spiir-id: "638082441267735626"
  Assets:Checking:Primary  -249.00 DKK
  Expenses:Subscriptions:Telecom  249.00 DKK

2023-01-02 * "Decideret Cider A Valby" "Tobak & alkohol" #spiir
  spiir-id: "638082441267735627"
  Assets:Checking:Primary  -100.00 DKK
  Expenses:Food:Alcohol  100.00 DKK

2023-01-02 * "Spotify" "Kontooverførsel" #spiir
  spiir-id: "638082441953056802"
  Assets:Checking:Fixed  97.00 DKK
  Assets:Transfer  -97.00 DKK

2023-01-02 * "Tandforsikring - LAH" "Kontooverførsel" #spiir
  spiir-id: "638082441953056803"
  Assets:Checking:Fixed  60.00 DKK
  Assets:Transfer  -60.00 DKK

2023-01-02 * "Hus, indboforsikr - LAH" "Kontooverførsel" #spiir
  spiir-id: "638082441953056804"
  Assets:Checking:Fixed  347.00 DKK
  Assets:Transfer  -347.00 DKK

2023-01-02 * "Bilforsikr, afgift - LAH" "Kontooverførsel" #spiir
  spiir-id: "638082441953056805"
  Assets:Checking:Fixed  200.00 DKK
  Assets:Transfer  -200.00 DKK

2023-01-02 * "Ejendomsskat - LAH" "Kontooverførsel" #spiir
  spiir-id: "638082441953056806"
  Assets:Checking:Fixed  1224.50 DKK
  Assets:Transfer  -1224.50 DKK

2023-01-02 * "El, vand og varme - LAH" "Kontooverførsel" #spiir
  spiir-id: "638082441953056807"
  Assets:Checking:Fixed  1084.00 DKK
  Assets:Transfer  -1084.00 DKK

2023-01-02 * "Spotify" "Film, musik & læsestof" #spiir
  spiir-id: "638082441953056808"
  Assets:Checking:Fixed  97.00 DKK
  Expenses:Entertainment:Media  -97.00 DKK

2023-01-02 * "Tandforsikring - PRM" "Sundheds- & sygeforsikring" #spiir
  spiir-id: "638082441953056809"
  Assets:Checking:Fixed  60.00 DKK
  Expenses:Insurance:Health  -60.00 DKK

2023-01-02 * "Hus, indboforsikr - PRM" "Husforsikring" #spiir
  spiir-id: "638082441953056810"
  Assets:Checking:Fixed  347.00 DKK
  Expenses:House:Insurance  -347.00 DKK

2023-01-02 * "Bilforsikr, afgift - PRM" "Bilforsikring & autohjælp" #spiir
  spiir-id: "638082441953056811"
  Assets:Checking:Fixed  200.00 DKK
  Expenses:Car:Insurance  -200.00 DKK

2023-01-02 * "Ejendommensskat - PRM" "Ejendomsskat" #spiir
  spiir-id: "638082441953056812"
  Assets:Checking:Fixed  1224.50 DKK
  Expenses:House:Tax  -1224.50 DKK

2023-01-02 * "Vuggestue - LAH" "Kontooverførsel" #spiir
  spiir-id: "638082441953056813"
  Assets:Checking:Fixed  1971.00 DKK
  Assets:Transfer  -1971.00 DKK

2023-01-02 * "Vuggestue - PRM" "Institution" #spiir
  spiir-id: "638082441953056814"
  Assets:Checking:Fixed  1971.00 DKK
  Expenses:Kids:Institution  -1971.00 DKK

2023-01-02 * "El, vand og varme - PRM" "El, vand, varme & renovation" #spiir
  spiir-id: "638082441953056815"
  Assets:Checking:Fixed  1084.00 DKK
  Expenses:House:Heating  -1084.00 DKK

2023-01-02 * "iCloud" "Kontooverførsel" #spiir
  spiir-id: "638082441953056816"
  Assets:Checking:Fixed  -69.00 DKK
  Assets:Transfer  69.00 DKK

2023-01-02 * "Tryg" "Indbo- & familieforsikring" #spiir
  spiir-id: "638082441953056817"
  Assets:Checking:Fixed  -1701.91 DKK
  Expenses:House:Contents-Insurance  1701.91 DKK

2023-01-02 * "Tryg" "Indbo- & familieforsikring" #spiir
  spiir-id: "638082441953056818"
  Assets:Checking:Fixed  -458.52 DKK
  Expenses:House:Contents-Insurance  458.52 DKK

2023-01-02 * "Tryg" "Indbo- & familieforsikring" #spiir
  spiir-id: "638082441953056819"
  Assets:Checking:Fixed  -1084.19 DKK
  Expenses:House:Contents-Insurance  1084.19 DKK

2023-01-02 * "Lidl" "Dagligvarer" #spiir
  spiir-id: "638082442332278539"
  Assets:Checking:Dagligvarer  -350.46 DKK
  Expenses:Food:Groceries  350.46 DKK

2023-01-02 * "Fællesudgifter" "Kontooverførsel" #spiir
  spiir-id: "638082442332278540"
  Assets:Checking:Dagligvarer  3500.00 DKK
  Assets:Transfer  -3500.00 DKK

2023-01-02 * "Dagligvarer - PRM" "Dagligvarer" #spiir
  spiir-id: "638082442332278541"
  Assets:Checking:Dagligvarer  3500.00 DKK
  Expenses:Food:Groceries  -3500.00 DKK

2023-01-02 * "MobilePay dba.dk" "Serviceydelser & rådgivning" #spiir
  spiir-id: "638083278104557311"
  Assets:Checking:Primary  -88.00 DKK
  Expenses:Services  88.00 DKK

2023-01-02 * "Ulykkesforsikring - LAH" "Livs- & ulykkesforsikring" #spiir
  spiir-id: "638083278603568819"
  Assets:Checking:Fixed  1701.91 DKK
  Expenses:Insurance:Life  -1701.91 DKK

2023-01-02 * "MamaMilla c13GK" "Babyudstyr" #spiir
  spiir-id: "638083279437639108"
  Assets:Checking:Dagligvarer  -1293.96 DKK
  Expenses:Kids:Baby  1293.96 DKK

2023-01-02 * "Kvickly Hvidovre" "Dagligvarer" #spiir
  spiir-id: "638083279437639109"
  Assets:Checking:Dagligvarer  3.00 DKK
  Expenses:Food:Groceries  -3.00 DKK

2023-01-02 * "Victoria Cafe Hvid" "Bar, cafe & restaurant" #spiir
  spiir-id: "638083279437639110"
  Assets:Checking:Dagligvarer  -39.00 DKK
  Expenses:Food:Restaurant  39.00 DKK

2023-01-02 * "Victoria Cafe Hvid" "Bar, cafe & restaurant" #spiir
  spiir-id: "638083279437639111"
  Assets:Checking:Dagligvarer  -346.00 DKK
  Expenses:Food:Restaurant  346.00 DKK

2023-01-03 * "Udl. kortbetaling, 1.50% af DKK -27" "Bankgebyrer" #spiir
  spiir-id: "638083278104557308"
  Assets:Checking:Primary  -4.10 DKK
  Expenses:Bank:Fees  4.10 DKK

2023-01-03 * "Enjoy The W* Pledgebox Enjoythewo" "" #spiir
  spiir-id: "638083278104557309"
  Assets:Checking:Primary  -273.34 DKK
  Expenses:Uncategorized  273.34 DKK

2023-01-03 * "Toolbeer.Dk Copenhagen" "Tobak & alkohol" #spiir
  spiir-id: "638083278104557310"
  Assets:Checking:Primary  -190.00 DKK
  Expenses:Food:Alcohol  190.00 DKK

2023-01-03 * "Parkman" "Parkering" #spiir
  spiir-id: "638083279437639107"
  Assets:Checking:Dagligvarer  -16.40 DKK
  Expenses:Car:Parking  16.40 DKK

2023-01-03 * "Kamerahuset" "Elektronik & computerudstyr" #spiir
  spiir-id: "638084145721874799"
  Assets:Checking:Dagligvarer  -100.00 DKK
  Expenses:Shopping:Electronics  100.00 DKK

2023-01-03 * "Jysk D075" "Møbler & boligudstyr" #spiir
  spiir-id: "638084145721874800"
  Assets:Checking:Dagligvarer  750.00 DKK
  Expenses:Shopping:Furniture  -750.00 DKK

2023-01-03 * "tipster.dk 634-4" "" #spiir
  spiir-id: "638084145721874801"
  Assets:Checking:Dagligvarer  -194.00 DKK
  Expenses:Uncategorized  194.00 DKK

2023-01-04 * "FDB Kvickly Hvidovre" "Dagligvarer" #spiir
  spiir-id: "638084145721874797"
  Assets:Checking:Dagligvarer  -47.60 DKK
  Expenses:Food:Groceries  47.60 DKK

2023-01-04 * "CCL Strandlodsvej" "Bar, cafe & restaurant" #spiir
  spiir-id: "638084145721874798"
  Assets:Checking:Dagligvarer  -139.00 DKK
  Expenses:Food:Restaurant  139.00 DKK

2023-01-04 * "Netto Hvidovrevej" "Dagligvarer" #spiir
  spiir-id: "638085046969530613"
  Assets:Checking:Dagligvarer  -80.95 DKK
  Expenses:Food:Groceries  80.95 DKK

2023-01-04 * "MobilePay The Mad Hatter" "" #spiir
  spiir-id: "638085046969530614"
  Assets:Checking:Dagligvarer  -55.00 DKK
  Expenses:Uncategorized  55.00 DKK

2023-01-04 * "Mirabelle" "Bar, cafe & restaurant" #spiir
  spiir-id: "638085046969530615"
  Assets:Checking:Dagligvarer  -180.00 DKK
  Expenses:Food:Restaurant  180.00 DKK

2023-01-04 * "Vietnams Supermark" "Dagligvarer" #spiir
  spiir-id: "638085046969530616"
  Assets:Checking:Dagligvarer  -341.00 DKK
  Expenses:Food:Groceries  341.00 DKK

2023-01-05 * "UME ASIAN SUPERMARKET Kobenhavn S" "Dagligvarer" #spiir
  spiir-id: "638085046968116274"
  Assets:Checking:Dagligvarer  -57.70 DKK
  Expenses:Food:Groceries  57.70 DKK

2023-01-05 * "Lidl" "Dagligvarer" #spiir
  spiir-id: "638085046969530612"
  Assets:Checking:Dagligvarer  -77.90 DKK
  Expenses:Food:Groceries  77.90 DKK

2023-01-05 * "MobilePay Lee Ann Hollesen" "Hobby & sportsudstyr" #spiir
  spiir-id: "638085876102791770"
  Assets:Checking:Dagligvarer  -756.00 DKK
  Expenses:Shopping:Sports  756.00 DKK

2023-01-05 * "MobilePay Lee Ann Hollesen" "Hobby & sportsudstyr" #spiir
  spiir-id: "638085876102791771"
  Assets:Checking:Dagligvarer  -316.00 DKK
  Expenses:Shopping:Sports  316.00 DKK

2023-01-06 * "Evida Service Nord A/S" "El, vand, varme & renovation" #spiir
  spiir-id: "638085875651591912"
  Assets:Checking:Fixed  -2008.02 DKK
  Expenses:House:Heating  2008.02 DKK

2023-01-06 * "Hvidovre kommune" "Institution" #spiir
  spiir-id: "638085875651591913"
  Assets:Checking:Fixed  -4021.00 DKK
  Expenses:Kids:Institution  4021.00 DKK

2023-01-06 * "DMR period. afgift" "Ejerafgift/grøn afgift" #spiir
  spiir-id: "638085875651591914"
  Assets:Checking:Fixed  -1300.00 DKK
  Expenses:Car:Tax  1300.00 DKK

2023-01-06 * "MED24.dk" "Apotek & medicin" #spiir
  spiir-id: "638086733145371958"
  Assets:Checking:Dagligvarer  -397.95 DKK
  Expenses:Health:Pharmacy  397.95 DKK

2023-01-07 * "MobilePay Ruth madsen" "Gaver & velgørenhed" #spiir
  spiir-id: "638087564236697444"
  Assets:Checking:Primary  1000.00 DKK
  Expenses:Gifts  -1000.00 DKK

2023-01-09 * "Kvickly Hvidovre" "Dagligvarer" #spiir
  spiir-id: "638089332243744861"
  Assets:Checking:Dagligvarer  -145.65 DKK
  Expenses:Food:Groceries  145.65 DKK

2023-01-10 * "Kvickly Hvidovre" "Dagligvarer" #spiir
  spiir-id: "638090216393160535"
  Assets:Checking:Dagligvarer  -261.95 DKK
  Expenses:Food:Groceries  261.95 DKK

2023-01-11 * "Roast Coffee ApS Kobenha" "Bar, cafe & restaurant" #spiir
  spiir-id: "638090215329513098"
  Assets:Checking:Primary  -42.00 DKK
  Expenses:Food:Restaurant  42.00 DKK

2023-01-11 * "Restaurant Theo Ap" "Bar, cafe & restaurant" #spiir
  spiir-id: "638090216393160534"
  Assets:Checking:Dagligvarer  -200.00 DKK
  Expenses:Food:Restaurant  200.00 DKK

2023-01-11 * "MobilePay Lee Ann Hollesen" "Hobby & sportsudstyr" #spiir
  spiir-id: "638091094841525406"
  Assets:Checking:Primary  748.75 DKK
  Expenses:Shopping:Sports  -748.75 DKK

2023-01-11 * "FR Installation" "El, vand, varme & renovation" #spiir
  spiir-id: "638091094841525407"
  Assets:Checking:Primary  -1497.50 DKK
  Expenses:House:Heating  1497.50 DKK

2023-01-11 * "Durum Bar" "Bar, cafe & restaurant" #spiir
  spiir-id: "638091095696022325"
  Assets:Checking:Dagligvarer  -136.00 DKK
  Expenses:Food:Restaurant  136.00 DKK

2023-01-12 * "Friluftsland A/S" "Tøj, sko & accessories" #spiir
  spiir-id: "638091961186512538"
  Assets:Checking:Primary  -824.00 DKK
  Expenses:Shopping:Clothing  824.00 DKK

2023-01-12 * "tipster.dk 741-7" "Bar, cafe & restaurant" #spiir
  spiir-id: "638091961186512539"
  Assets:Checking:Primary  -450.00 DKK
  Expenses:Food:Restaurant  450.00 DKK

2023-01-13 * "Andersen & Mailla Kobenha" "" #spiir
  spiir-id: "638091962784653680"
  Assets:Checking:Dagligvarer  -166.00 DKK
  Expenses:Uncategorized  166.00 DKK

2023-01-13 * "Empire Bio A/S" "Biograf, koncerter & forlystelser" #spiir
  spiir-id: "638091962784653681"
  Assets:Checking:Dagligvarer  -39.00 DKK
  Expenses:Entertainment:Events  39.00 DKK

2023-01-13 * "Empire Bio A/S" "Biograf, koncerter & forlystelser" #spiir
  spiir-id: "638091962784653682"
  Assets:Checking:Dagligvarer  -80.00 DKK
  Expenses:Entertainment:Events  80.00 DKK

2023-01-13 * "OIL! tank go Viger" "Brændstof" #spiir
  spiir-id: "638092767924332649"
  Assets:Checking:Dagligvarer  -100.18 DKK
  Expenses:Car:Gas  100.18 DKK

2023-01-13 * "MobilePay Kristina Franoux" "" #spiir
  spiir-id: "638092767924332650"
  Assets:Checking:Dagligvarer  -400.00 DKK
  Expenses:Uncategorized  400.00 DKK

2023-01-16 * "Norwegian A 328-737165540 B??Rum" "" #spiir
  spiir-id: "638094543439897477"
  Assets:Checking:Primary  -7719.00 DKK
  Expenses:Uncategorized  7719.00 DKK

2023-01-16 * "Carl´s Øl & Spises" "Bar, cafe & restaurant" #spiir
  spiir-id: "638094544324118580"
  Assets:Checking:Dagligvarer  -120.00 DKK
  Expenses:Food:Restaurant  120.00 DKK

2023-01-16 * "Google Nest g.co/helppayÆ" "Alarmsystem" #spiir
  spiir-id: "638094544324118581"
  Assets:Checking:Dagligvarer  -40.00 DKK
  Expenses:House:Alarm  40.00 DKK

2023-01-16 * "Lidl" "Dagligvarer" #spiir
  spiir-id: "638094544324118582"
  Assets:Checking:Dagligvarer  -379.48 DKK
  Expenses:Food:Groceries  379.48 DKK

2023-01-16 * "Friluftsland A/S" "Tøj, sko & accessories" #spiir
  spiir-id: "638095377538815259"
  Assets:Checking:Primary  824.00 DKK
  Expenses:Shopping:Clothing  -824.00 DKK

2023-01-18 * "Netto Gl Koege Lande" "Dagligvarer" #spiir
  spiir-id: "638096238155687632"
  Assets:Checking:Dagligvarer  -80.00 DKK
  Expenses:Food:Groceries  80.00 DKK

2023-01-18 * "Lidl" "Dagligvarer" #spiir
  spiir-id: "638096238155687633"
  Assets:Checking:Dagligvarer  -224.85 DKK
  Expenses:Food:Groceries  224.85 DKK

2023-01-18 * "Vietnam Supermarke" "Dagligvarer" #spiir
  spiir-id: "638096238155687634"
  Assets:Checking:Dagligvarer  -550.00 DKK
  Expenses:Food:Groceries  550.00 DKK

2023-01-18 * "MobilePay Natascha Bue" "" #spiir
  spiir-id: "638097133201348807"
  Assets:Checking:Dagligvarer  -250.00 DKK
  Expenses:Uncategorized  250.00 DKK

2023-01-19 * "Netto Daells" "Dagligvarer" #spiir
  spiir-id: "638097133201348805"
  Assets:Checking:Dagligvarer  -42.80 DKK
  Expenses:Food:Groceries  42.80 DKK

2023-01-19 * "Den Kinesiske K" "Dagligvarer" #spiir
  spiir-id: "638097133201348806"
  Assets:Checking:Dagligvarer  -101.00 DKK
  Expenses:Food:Groceries  101.00 DKK

2023-01-19 * "Coop App UOH8E" "Dagligvarer" #spiir
  spiir-id: "638097955261277286"
  Assets:Checking:Dagligvarer  -59.75 DKK
  Expenses:Food:Groceries  59.75 DKK

2023-01-20 * "Carre.Dk Kongens Lyngb" "Gaver & velgørenhed" #spiir
  spiir-id: "638097954234521767"
  Assets:Checking:Primary  -942.00 DKK
  Expenses:Gifts  942.00 DKK

2023-01-20 * "Udl. kortbetaling, 1.50% af DKK -30" "Bankgebyrer" #spiir
  spiir-id: "638097954234521768"
  Assets:Checking:Primary  -4.65 DKK
  Expenses:Bank:Fees  4.65 DKK

2023-01-20 * "1Password Toronto" "Online services & software" #spiir
  spiir-id: "638097954234521769"
  Assets:Checking:Primary  -309.92 DKK
  Expenses:Subscriptions:Software  309.92 DKK

2023-01-20 * "Børnepenge - PRM" "Kontooverførsel" #spiir
  spiir-id: "638097954234521770"
  Assets:Checking:Primary  -2327.00 DKK
  Assets:Transfer  2327.00 DKK

2023-01-20 * "Børne- og Ungeydelse" "Børnepenge" #spiir
  spiir-id: "638097954234521771"
  Assets:Checking:Primary  5406.00 DKK
  Income:ChildBenefit  -5406.00 DKK

2023-01-20 * "Børnepenge - LAH" "Kontooverførsel" #spiir
  spiir-id: "638097954583930120"
  Assets:Checking:Fixed  2327.00 DKK
  Assets:Transfer  -2327.00 DKK

2023-01-20 * "Børnepenge - PRM" "Børnepenge" #spiir
  spiir-id: "638097954583930121"
  Assets:Checking:Fixed  2327.00 DKK
  Income:ChildBenefit  -2327.00 DKK

2023-01-20 * "Apple.Com/Bill" "Online services & software" #spiir
  spiir-id: "638097955261277285"
  Assets:Checking:Dagligvarer  -69.00 DKK
  Expenses:Subscriptions:Software  69.00 DKK

2023-01-21 * "MobilePay DSB APP" "Bus, tog, færge o.l." #spiir
  spiir-id: "638099700338345873"
  Assets:Checking:Dagligvarer  -158.00 DKK
  Expenses:Transport:Public  158.00 DKK

2023-01-22 * "Til Dagligvarer" "Kontooverførsel" #spiir
  spiir-id: "638100553250102003"
  Assets:Checking:Primary  -1000.00 DKK
  Assets:Transfer  1000.00 DKK

2023-01-22 * "Fra Primary" "Kontooverførsel" #spiir
  spiir-id: "638100554589644084"
  Assets:Checking:Dagligvarer  1000.00 DKK
  Assets:Transfer  -1000.00 DKK

2023-01-23 * "Rykker" "Rykkergebyrer" #spiir
  spiir-id: "638100553250102002"
  Assets:Checking:Primary  -15214.68 DKK
  Expenses:Bank:Late-Fees  15214.68 DKK

2023-01-23 * "Tea:licious" "Bar, cafe & restaurant" #spiir
  spiir-id: "638100554582969509"
  Assets:Checking:Dagligvarer  -52.00 DKK
  Expenses:Food:Restaurant  52.00 DKK

2023-01-23 * "Sp Basic & More" "Møbler & boligudstyr" #spiir
  spiir-id: "638100554589489917"
  Assets:Checking:Dagligvarer  -79.00 DKK
  Expenses:Shopping:Furniture  79.00 DKK

2023-01-23 * "Dagli Brugsen" "Dagligvarer" #spiir
  spiir-id: "638100554589489918"
  Assets:Checking:Dagligvarer  -72.95 DKK
  Expenses:Food:Groceries  72.95 DKK

2023-01-23 * "The Burger Concept" "Fastfood & takeaway" #spiir
  spiir-id: "638100554589644082"
  Assets:Checking:Dagligvarer  -58.00 DKK
  Expenses:Food:Takeaway  58.00 DKK

2023-01-23 * "REMA 1000 Kbh" "Dagligvarer" #spiir
  spiir-id: "638100554589644083"
  Assets:Checking:Dagligvarer  -22.00 DKK
  Expenses:Food:Groceries  22.00 DKK

2023-01-24 * "UZR*Bergzeit GmbH Otterfing" "" #spiir
  spiir-id: "638101439837440707"
  Assets:Checking:Primary  -4084.49 DKK
  Expenses:Uncategorized  4084.49 DKK

2023-01-24 * "Fermentoren Cph - Term Kobenhavn" "Bar, cafe & restaurant" #spiir
  spiir-id: "638101439837440708"
  Assets:Checking:Primary  -40.00 DKK
  Expenses:Food:Restaurant  40.00 DKK

2023-01-24 * "Roast Coffee A Kobenhavn" "Bar, cafe & restaurant" #spiir
  spiir-id: "638101439837596128"
  Assets:Checking:Primary  -108.00 DKK
  Expenses:Food:Restaurant  108.00 DKK

2023-01-24 * "Kaf Bar Kobenhavn K" "Bar, cafe & restaurant" #spiir
  spiir-id: "638101440978386118"
  Assets:Checking:Dagligvarer  -103.00 DKK
  Expenses:Food:Restaurant  103.00 DKK

2023-01-24 * "Sp Basic & More Give" "Gaver & velgørenhed" #spiir
  spiir-id: "638101440978386119"
  Assets:Checking:Dagligvarer  -28.00 DKK
  Expenses:Gifts  28.00 DKK

2023-01-24 * "Fra Lee Ann Hollesen" "Dagligvarer" #spiir
  spiir-id: "638102338750367899"
  Assets:Checking:Dagligvarer  1000.00 DKK
  Expenses:Food:Groceries  -1000.00 DKK

2023-01-24 * "tipster.dk 871-1" "" #spiir
  spiir-id: "638102338750367900"
  Assets:Checking:Dagligvarer  -174.00 DKK
  Expenses:Uncategorized  174.00 DKK

2023-01-25 * "Til Dagligvarer" "Kontooverførsel" #spiir
  spiir-id: "638104050626642263"
  Assets:Checking:Primary  -317.00 DKK
  Assets:Transfer  317.00 DKK

2023-01-25 * "MobilePay Lee Ann Hollesen" "Hobby & sportsudstyr" #spiir
  spiir-id: "638104050626642264"
  Assets:Checking:Primary  -125.00 DKK
  Expenses:Shopping:Sports  125.00 DKK

2023-01-25 * "MobilePay Lee Ann Hollesen" "Hobby & sportsudstyr" #spiir
  spiir-id: "638104050626642265"
  Assets:Checking:Primary  -163.00 DKK
  Expenses:Shopping:Sports  163.00 DKK

2023-01-25 * "Mobilepay" "Kontooverførsel" #spiir
  spiir-id: "638104051815389375"
  Assets:Checking:Dagligvarer  317.00 DKK
  Assets:Transfer  -317.00 DKK

2023-01-25 * "MobilePay Lee Ann Hollesen" "Hobby & sportsudstyr" #spiir
  spiir-id: "638104051815389376"
  Assets:Checking:Dagligvarer  -267.00 DKK
  Expenses:Shopping:Sports  267.00 DKK

2023-01-25 * "MobilePay Lee Ann Hollesen" "Hobby & sportsudstyr" #spiir
  spiir-id: "638104051815588182"
  Assets:Checking:Dagligvarer  -50.00 DKK
  Expenses:Shopping:Sports  50.00 DKK

2023-01-26 * "Til Dagligvarer" "Kontooverførsel" #spiir
  spiir-id: "638104050626323112"
  Assets:Checking:Primary  -1000.00 DKK
  Assets:Transfer  1000.00 DKK

2023-01-26 * "Ejendomsskat" "Kontooverførsel" #spiir
  spiir-id: "638104050626642262"
  Assets:Checking:Primary  15214.68 DKK
  Assets:Transfer  -15214.68 DKK

2023-01-26 * "Ejendomsskat" "Kontooverførsel" #spiir
  spiir-id: "638104051136630854"
  Assets:Checking:Fixed  -15214.68 DKK
  Assets:Transfer  15214.68 DKK

2023-01-26 * "Til Dagligvarer" "Kontooverførsel" #spiir
  spiir-id: "638104051815389372"
  Assets:Checking:Dagligvarer  1000.00 DKK
  Assets:Transfer  -1000.00 DKK

2023-01-26 * "Fra Lee Ann Hollesen" "Dagligvarer" #spiir
  spiir-id: "638104051815389373"
  Assets:Checking:Dagligvarer  1000.00 DKK
  Expenses:Food:Groceries  -1000.00 DKK

2023-01-26 * "Efterfød.træning/motorik" "" #spiir
  spiir-id: "638104051815389374"
  Assets:Checking:Dagligvarer  -1372.00 DKK
  Expenses:Uncategorized  1372.00 DKK

2023-01-27 * "Carre.Dk Kongens Lyngb" "Tøj, sko & accessories" #spiir
  spiir-id: "638104050626323111"
  Assets:Checking:Primary  942.00 DKK
  Expenses:Shopping:Clothing  -942.00 DKK

2023-01-28 * "MobilePay Orion Madsen" "Gaver & velgørenhed" #spiir
  spiir-id: "638105759792929946"
  Assets:Checking:Primary  -230.00 DKK
  Expenses:Gifts  230.00 DKK

2023-01-29 * "MobilePay Tina Jensen" "Gaver & velgørenhed" #spiir
  spiir-id: "638106593198729169"
  Assets:Checking:Primary  750.00 DKK
  Expenses:Gifts  -750.00 DKK

2023-01-30 * "The Coffee Collect" "Bar, cafe & restaurant" #spiir
  spiir-id: "638106593198729168"
  Assets:Checking:Primary  -78.00 DKK
  Expenses:Food:Restaurant  78.00 DKK

2023-01-30 * "7-Eleven Butik" "Kiosk, bager & specialbutikker" #spiir
  spiir-id: "638106594622221436"
  Assets:Checking:Dagligvarer  -103.00 DKK
  Expenses:Food:Kiosk  103.00 DKK

2023-01-30 * "Ume Asian Supermarke" "Dagligvarer" #spiir
  spiir-id: "638106594622221437"
  Assets:Checking:Dagligvarer  -434.45 DKK
  Expenses:Food:Groceries  434.45 DKK

2023-01-30 * "EasyPark A/S" "Parkering" #spiir
  spiir-id: "638106594622221438"
  Assets:Checking:Dagligvarer  -12.20 DKK
  Expenses:Car:Parking  12.20 DKK

2023-01-30 * "Circle K Vigerslevve" "Kiosk, bager & specialbutikker" #spiir
  spiir-id: "638106594622221439"
  Assets:Checking:Dagligvarer  -212.28 DKK
  Expenses:Food:Kiosk  212.28 DKK

2023-01-30 * "Netto Vigerslevvej" "Dagligvarer" #spiir
  spiir-id: "638106594622221440"
  Assets:Checking:Dagligvarer  -182.80 DKK
  Expenses:Food:Groceries  182.80 DKK

2023-01-30 * "Westfood ApS" "Bar, cafe & restaurant" #spiir
  spiir-id: "638106594622221441"
  Assets:Checking:Dagligvarer  -75.00 DKK
  Expenses:Food:Restaurant  75.00 DKK

2023-01-30 * "MobilePay dba.dk" "Serviceydelser & rådgivning" #spiir
  spiir-id: "638107465895862895"
  Assets:Checking:Primary  -88.00 DKK
  Expenses:Services  88.00 DKK

2023-01-30 * "tipster.dk 931-5" "" #spiir
  spiir-id: "638107467457743906"
  Assets:Checking:Dagligvarer  -220.00 DKK
  Expenses:Uncategorized  220.00 DKK

2023-01-30 * "Netto Hvidovrevej" "Dagligvarer" #spiir
  spiir-id: "638107467457743907"
  Assets:Checking:Dagligvarer  -25.00 DKK
  Expenses:Food:Groceries  25.00 DKK

2023-01-31 * "R-Bakery Hvidovre" "Kiosk, bager & specialbutikker" #spiir
  spiir-id: "638107467457743903"
  Assets:Checking:Dagligvarer  -47.00 DKK
  Expenses:Food:Kiosk  47.00 DKK

2023-01-31 * "Sp Basic & More Give" "Gaver & velgørenhed" #spiir
  spiir-id: "638107467457743904"
  Assets:Checking:Dagligvarer  -168.00 DKK
  Expenses:Gifts  168.00 DKK

2023-01-31 * "Lidl" "Dagligvarer" #spiir
  spiir-id: "638107467457743905"
  Assets:Checking:Dagligvarer  -293.30 DKK
  Expenses:Food:Groceries  293.30 DKK

2023-01-31 * "3´s Kortbetaling" "Telefoni & internet" #spiir
  spiir-id: "638108343441439551"
  Assets:Checking:Primary  -160.00 DKK
  Expenses:Subscriptions:Telecom  160.00 DKK

2023-01-31 * "MobilePay" "" #spiir
  spiir-id: "638108344980209916"
  Assets:Checking:Dagligvarer  -625.00 DKK
  Expenses:Uncategorized  625.00 DKK

2023-02-01 * "Lønoverførsel" "Løn" #spiir
  spiir-id: "638107465895862894"
  Assets:Checking:Primary  41049.33 DKK
  Income:Salary  -41049.33 DKK

2023-02-01 * "Tandforsikring - PRM" "Kontooverførsel" #spiir
  spiir-id: "638108343441439541"
  Assets:Checking:Primary  -60.00 DKK
  Assets:Transfer  60.00 DKK

2023-02-01 * "Spotify" "Kontooverførsel" #spiir
  spiir-id: "638108343441439542"
  Assets:Checking:Primary  -97.00 DKK
  Assets:Transfer  97.00 DKK

2023-02-01 * "Bilforsikr, afgift - PRM" "Kontooverførsel" #spiir
  spiir-id: "638108343441439543"
  Assets:Checking:Primary  -250.00 DKK
  Assets:Transfer  250.00 DKK

2023-02-01 * "Hus, indboforsikr - PRM" "Kontooverførsel" #spiir
  spiir-id: "638108343441439544"
  Assets:Checking:Primary  -347.00 DKK
  Assets:Transfer  347.00 DKK

2023-02-01 * "Ulykkesforsikring" "Kontooverførsel" #spiir
  spiir-id: "638108343441439545"
  Assets:Checking:Primary  -539.50 DKK
  Assets:Transfer  539.50 DKK

2023-02-01 * "El, vand og varme - PRM" "Kontooverførsel" #spiir
  spiir-id: "638108343441439546"
  Assets:Checking:Primary  -1084.00 DKK
  Assets:Transfer  1084.00 DKK

2023-02-01 * "Ejendommensskat - PRM" "Kontooverførsel" #spiir
  spiir-id: "638108343441439547"
  Assets:Checking:Primary  -1224.50 DKK
  Assets:Transfer  1224.50 DKK

2023-02-01 * "Vuggestue - PRM" "Kontooverførsel" #spiir
  spiir-id: "638108343441439548"
  Assets:Checking:Primary  -1971.00 DKK
  Assets:Transfer  1971.00 DKK

2023-02-01 * "Dagligvarer - PRM" "Kontooverførsel" #spiir
  spiir-id: "638108343441439549"
  Assets:Checking:Primary  -3500.00 DKK
  Assets:Transfer  3500.00 DKK

2023-02-01 * "iCloud Fastefæll.udgifte" "Kontooverførsel" #spiir
  spiir-id: "638108343441439550"
  Assets:Checking:Primary  69.00 DKK
  Assets:Transfer  -69.00 DKK

2023-02-01 * "Realkredit Danmark" "Boliglån/husleje" #spiir
  spiir-id: "638108344127067175"
  Assets:Checking:Fixed  -15250.65 DKK
  Expenses:House:Mortgage  15250.65 DKK

2023-02-01 * "Tryg" "Indbo- & familieforsikring" #spiir
  spiir-id: "638108344127067176"
  Assets:Checking:Fixed  -551.40 DKK
  Expenses:House:Contents-Insurance  551.40 DKK

2023-02-01 * "Tryg" "Indbo- & familieforsikring" #spiir
  spiir-id: "638108344127067177"
  Assets:Checking:Fixed  -378.52 DKK
  Expenses:House:Contents-Insurance  378.52 DKK

2023-02-01 * "Tryg" "Indbo- & familieforsikring" #spiir
  spiir-id: "638108344127067178"
  Assets:Checking:Fixed  -1019.62 DKK
  Expenses:House:Contents-Insurance  1019.62 DKK

2023-02-01 * "Tandforsikring - LAH" "Kontooverførsel" #spiir
  spiir-id: "638108344127067179"
  Assets:Checking:Fixed  60.00 DKK
  Assets:Transfer  -60.00 DKK

2023-02-01 * "Spotify" "Kontooverførsel" #spiir
  spiir-id: "638108344127067180"
  Assets:Checking:Fixed  97.00 DKK
  Assets:Transfer  -97.00 DKK

2023-02-01 * "Bilforsikr, afgift - LAH" "Kontooverførsel" #spiir
  spiir-id: "638108344127067181"
  Assets:Checking:Fixed  250.00 DKK
  Assets:Transfer  -250.00 DKK

2023-02-01 * "Hus, indboforsikr - LAH" "Kontooverførsel" #spiir
  spiir-id: "638108344127067182"
  Assets:Checking:Fixed  347.00 DKK
  Assets:Transfer  -347.00 DKK

2023-02-01 * "El, vand og varme - LAH" "Kontooverførsel" #spiir
  spiir-id: "638108344127067183"
  Assets:Checking:Fixed  1084.00 DKK
  Assets:Transfer  -1084.00 DKK

2023-02-01 * "Ejendomsskat - LAH" "Kontooverførsel" #spiir
  spiir-id: "638108344127067184"
  Assets:Checking:Fixed  1224.50 DKK
  Assets:Transfer  -1224.50 DKK

2023-02-01 * "Vuggestue - LAH" "Kontooverførsel" #spiir
  spiir-id: "638108344127067185"
  Assets:Checking:Fixed  1971.00 DKK
  Assets:Transfer  -1971.00 DKK

2023-02-01 * "Tandforsikring - PRM" "Sundheds- & sygeforsikring" #spiir
  spiir-id: "638108344127067186"
  Assets:Checking:Fixed  60.00 DKK
  Expenses:Insurance:Health  -60.00 DKK

2023-02-01 * "Spotify" "Film, musik & læsestof" #spiir
  spiir-id: "638108344127067187"
  Assets:Checking:Fixed  97.00 DKK
  Expenses:Entertainment:Media  -97.00 DKK

2023-02-01 * "Bilforsikr, afgift - PRM" "Bilforsikring & autohjælp" #spiir
  spiir-id: "638108344127067188"
  Assets:Checking:Fixed  250.00 DKK
  Expenses:Car:Insurance  -250.00 DKK

2023-02-01 * "Hus, indboforsikr - PRM" "Husforsikring" #spiir
  spiir-id: "638108344127067189"
  Assets:Checking:Fixed  347.00 DKK
  Expenses:House:Insurance  -347.00 DKK

2023-02-01 * "Ulykkesforsikring - PRM" "Kontooverførsel" #spiir
  spiir-id: "638108344127067190"
  Assets:Checking:Fixed  539.50 DKK
  Assets:Transfer  -539.50 DKK

2023-02-01 * "El, vand og varme - PRM" "El, vand, varme & renovation" #spiir
  spiir-id: "638108344127067191"
  Assets:Checking:Fixed  1084.00 DKK
  Expenses:House:Heating  -1084.00 DKK

2023-02-01 * "Ejendommensskat - PRM" "Ejendomsskat" #spiir
  spiir-id: "638108344127067192"
  Assets:Checking:Fixed  1224.50 DKK
  Expenses:House:Tax  -1224.50 DKK

2023-02-01 * "Vuggestue - PRM" "Institution" #spiir
  spiir-id: "638108344127067193"
  Assets:Checking:Fixed  1971.00 DKK
  Expenses:Kids:Institution  -1971.00 DKK

2023-02-01 * "iCloud" "Kontooverførsel" #spiir
  spiir-id: "638108344127067194"
  Assets:Checking:Fixed  -69.00 DKK
  Assets:Transfer  69.00 DKK

2023-02-01 * "Zebra A/S* Flyingtig" "Gaver & velgørenhed" #spiir
  spiir-id: "638108344980038869"
  Assets:Checking:Dagligvarer  -65.00 DKK
  Expenses:Gifts  65.00 DKK

2023-02-01 * "Vaisenhus Apotek" "Apotek & medicin" #spiir
  spiir-id: "638108344980038870"
  Assets:Checking:Dagligvarer  -53.95 DKK
  Expenses:Health:Pharmacy  53.95 DKK

2023-02-01 * "Vaisenhus Apotek" "Apotek & medicin" #spiir
  spiir-id: "638108344980038871"
  Assets:Checking:Dagligvarer  -113.00 DKK
  Expenses:Health:Pharmacy  113.00 DKK

2023-02-01 * "Panduro Hobby" "Hobby & sportsudstyr" #spiir
  spiir-id: "638108344980038872"
  Assets:Checking:Dagligvarer  -15.76 DKK
  Expenses:Shopping:Sports  15.76 DKK

2023-02-01 * "Irma Strandboulevard" "Dagligvarer" #spiir
  spiir-id: "638108344980209911"
  Assets:Checking:Dagligvarer  -20.00 DKK
  Expenses:Food:Groceries  20.00 DKK

2023-02-01 * "Den Kinesiske B" "Dagligvarer" #spiir
  spiir-id: "638108344980209912"
  Assets:Checking:Dagligvarer  -228.00 DKK
  Expenses:Food:Groceries  228.00 DKK

2023-02-01 * "ALDI OEst" "Dagligvarer" #spiir
  spiir-id: "638108344980209913"
  Assets:Checking:Dagligvarer  -123.30 DKK
  Expenses:Food:Groceries  123.30 DKK

2023-02-01 * "Fællesudgifter" "Kontooverførsel" #spiir
  spiir-id: "638108344980209914"
  Assets:Checking:Dagligvarer  3500.00 DKK
  Assets:Transfer  -3500.00 DKK

2023-02-01 * "Dagligvarer - PRM" "Dagligvarer" #spiir
  spiir-id: "638108344980209915"
  Assets:Checking:Dagligvarer  3500.00 DKK
  Expenses:Food:Groceries  -3500.00 DKK

2023-02-01 * "hiper.dk" "Telefoni & internet" #spiir
  spiir-id: "638109222256555896"
  Assets:Checking:Primary  -260.61 DKK
  Expenses:Subscriptions:Telecom  260.61 DKK

2023-02-03 * "Toolbeer.Dk Copenhagen" "Tobak & alkohol" #spiir
  spiir-id: "638110075148192332"
  Assets:Checking:Primary  -190.00 DKK
  Expenses:Food:Alcohol  190.00 DKK

2023-02-03 * "Eu.Store.Ui.Com S-Gravenhage" "Elektronik & computerudstyr" #spiir
  spiir-id: "638110075148192333"
  Assets:Checking:Primary  -1812.69 DKK
  Expenses:Shopping:Electronics  1812.69 DKK

2023-02-03 * "Parkman" "Parkering" #spiir
  spiir-id: "638110076429146707"
  Assets:Checking:Dagligvarer  -22.43 DKK
  Expenses:Car:Parking  22.43 DKK

2023-02-03 * "FDB Kvickly Hvidovre" "Dagligvarer" #spiir
  spiir-id: "638110076429146708"
  Assets:Checking:Dagligvarer  -124.70 DKK
  Expenses:Food:Groceries  124.70 DKK

2023-02-05 * "MobilePay Orion Madsen" "Gaver & velgørenhed" #spiir
  spiir-id: "638112666319731218"
  Assets:Checking:Dagligvarer  -96.00 DKK
  Expenses:Gifts  96.00 DKK

2023-02-06 * "Circle K Motorvejs" "Brændstof" #spiir
  spiir-id: "638112665077185760"
  Assets:Checking:Primary  -94.00 DKK
  Expenses:Car:Gas  94.00 DKK

2023-02-06 * "Ida Ingeniørfore. i Danm" "Fagforening & a-kasse" #spiir
  spiir-id: "638112665077185761"
  Assets:Checking:Primary  -878.25 DKK
  Expenses:Insurance:Union  878.25 DKK

2023-02-06 * "Hvidovre kommune" "Institution" #spiir
  spiir-id: "638112665959898322"
  Assets:Checking:Fixed  -4021.00 DKK
  Expenses:Kids:Institution  4021.00 DKK

2023-02-06 * "Lidl" "Dagligvarer" #spiir
  spiir-id: "638112666319731215"
  Assets:Checking:Dagligvarer  -73.90 DKK
  Expenses:Food:Groceries  73.90 DKK

2023-02-06 * "Adnan & Eyad ApS" "Dagligvarer" #spiir
  spiir-id: "638112666319731216"
  Assets:Checking:Dagligvarer  -35.00 DKK
  Expenses:Food:Groceries  35.00 DKK

2023-02-06 * "Adnan & Eyad ApS" "Dagligvarer" #spiir
  spiir-id: "638112666319731217"
  Assets:Checking:Dagligvarer  -43.00 DKK
  Expenses:Food:Groceries  43.00 DKK

2023-02-06 * "MobilePay Lee Ann Hollesen" "Hobby & sportsudstyr" #spiir
  spiir-id: "638113534124608859"
  Assets:Checking:Primary  -2150.00 DKK
  Expenses:Shopping:Sports  2150.00 DKK

2023-02-07 * "Impact Roaster Valby" "Kiosk, bager & specialbutikker" #spiir
  spiir-id: "638113535206478829"
  Assets:Checking:Dagligvarer  -65.00 DKK
  Expenses:Food:Kiosk  65.00 DKK

2023-02-07 * "tipster.dk 995-4" "" #spiir
  spiir-id: "638114386379858446"
  Assets:Checking:Dagligvarer  -170.00 DKK
  Expenses:Uncategorized  170.00 DKK

2023-02-08 * "EasyPark A/S" "Parkering" #spiir
  spiir-id: "638114386379858444"
  Assets:Checking:Dagligvarer  -24.00 DKK
  Expenses:Car:Parking  24.00 DKK

2023-02-08 * "MobilePay Orion Madsen" "Gaver & velgørenhed" #spiir
  spiir-id: "638114386379858445"
  Assets:Checking:Dagligvarer  -96.00 DKK
  Expenses:Gifts  96.00 DKK

2023-02-09 * "OEnskeboern Fisketor" "Babyudstyr" #spiir
  spiir-id: "638115267044330340"
  Assets:Checking:Dagligvarer  -101.97 DKK
  Expenses:Kids:Baby  101.97 DKK

2023-02-09 * "Normal K@Benhav" "Frisør & personlig pleje" #spiir
  spiir-id: "638115267044330341"
  Assets:Checking:Dagligvarer  -16.00 DKK
  Expenses:Shopping:Personal-Care  16.00 DKK

2023-02-09 * "Ingo Kbh. Sv Vasbyga" "Brændstof" #spiir
  spiir-id: "638115267044330342"
  Assets:Checking:Dagligvarer  -504.99 DKK
  Expenses:Car:Gas  504.99 DKK

2023-02-09 * "Bent Fisketorve" "Spil & legetøj" #spiir
  spiir-id: "638115267044330343"
  Assets:Checking:Dagligvarer  -20.00 DKK
  Expenses:Kids:Toys  20.00 DKK

2023-02-09 * "Bent Fisketorve" "Spil & legetøj" #spiir
  spiir-id: "638115267044330344"
  Assets:Checking:Dagligvarer  -30.00 DKK
  Expenses:Kids:Toys  30.00 DKK

2023-02-09 * "tipster.dk 007-9" "" #spiir
  spiir-id: "638116152296170084"
  Assets:Checking:Dagligvarer  -470.00 DKK
  Expenses:Uncategorized  470.00 DKK

2023-02-10 * "F@Tex Fisketorv" "Dagligvarer" #spiir
  spiir-id: "638116152296170083"
  Assets:Checking:Dagligvarer  -228.69 DKK
  Expenses:Food:Groceries  228.69 DKK

2023-02-13 * "Next Door Cafe v/M" "Bar, cafe & restaurant" #spiir
  spiir-id: "638118717236323303"
  Assets:Checking:Primary  -55.00 DKK
  Expenses:Food:Restaurant  55.00 DKK

2023-02-13 * "Lidl" "Dagligvarer" #spiir
  spiir-id: "638118718796184252"
  Assets:Checking:Dagligvarer  -127.45 DKK
  Expenses:Food:Groceries  127.45 DKK

2023-02-13 * "Kirppu Valby Ap" "Tøj, sko & accessories" #spiir
  spiir-id: "638118718796184253"
  Assets:Checking:Dagligvarer  -10.00 DKK
  Expenses:Shopping:Clothing  10.00 DKK

2023-02-13 * "Kirppu Valby Ap" "Tøj, sko & accessories" #spiir
  spiir-id: "638118718796184254"
  Assets:Checking:Dagligvarer  -22.50 DKK
  Expenses:Shopping:Clothing  22.50 DKK

2023-02-13 * "Netto Hvidovrevej" "Dagligvarer" #spiir
  spiir-id: "638118718796184255"
  Assets:Checking:Dagligvarer  -261.20 DKK
  Expenses:Food:Groceries  261.20 DKK

2023-02-13 * "Billetlugen.dk" "Biograf, koncerter & forlystelser" #spiir
  spiir-id: "638118718796184256"
  Assets:Checking:Dagligvarer  -1495.00 DKK
  Expenses:Entertainment:Events  1495.00 DKK

2023-02-13 * "Lidl" "Dagligvarer" #spiir
  spiir-id: "638118718796184257"
  Assets:Checking:Dagligvarer  -185.30 DKK
  Expenses:Food:Groceries  185.30 DKK

2023-02-13 * "MobilePay Catalin Jana Bianca Dyckh" "Ferieaktiviteter" #spiir
  spiir-id: "638119582668533540"
  Assets:Checking:Dagligvarer  -100.00 DKK
  Expenses:Travel:Activities  100.00 DKK

2023-02-14 * "Wislapolska ApS Kobenhavn O" "Dagligvarer" #spiir
  spiir-id: "638119581476026853"
  Assets:Checking:Primary  -453.50 DKK
  Expenses:Food:Groceries  453.50 DKK

2023-02-14 * "Google Nest g.co/helppayÆ" "Alarmsystem" #spiir
  spiir-id: "638119582668533539"
  Assets:Checking:Dagligvarer  -40.00 DKK
  Expenses:House:Alarm  40.00 DKK

2023-02-14 * "Tommi's Burger Joi" "Fastfood & takeaway" #spiir
  spiir-id: "638120439500737160"
  Assets:Checking:Dagligvarer  -385.00 DKK
  Expenses:Food:Takeaway  385.00 DKK

2023-02-15 * "Silvan 637 Fisketorvet Koebenhavn" "Ombygning & vedligehold" #spiir
  spiir-id: "638120437868074111"
  Assets:Checking:Primary  -174.90 DKK
  Expenses:House:Renovation  174.90 DKK

2023-02-15 * "Ume Asian Supermarke" "Dagligvarer" #spiir
  spiir-id: "638121298917332936"
  Assets:Checking:Dagligvarer  -163.70 DKK
  Expenses:Food:Groceries  163.70 DKK

2023-02-15 * "Lidl" "Dagligvarer" #spiir
  spiir-id: "638121298917332937"
  Assets:Checking:Dagligvarer  -344.60 DKK
  Expenses:Food:Groceries  344.60 DKK

2023-02-15 * "Kirppu Valby Ap" "Tøj, sko & accessories" #spiir
  spiir-id: "638121298917332938"
  Assets:Checking:Dagligvarer  -20.00 DKK
  Expenses:Shopping:Clothing  20.00 DKK

2023-02-15 * "Camping Kodbyen" "Bar, cafe & restaurant" #spiir
  spiir-id: "638121298917332939"
  Assets:Checking:Dagligvarer  -40.00 DKK
  Expenses:Food:Restaurant  40.00 DKK

2023-02-16 * "Prolog Coffee Kobenhavn V" "Bar, cafe & restaurant" #spiir
  spiir-id: "638121297477324712"
  Assets:Checking:Primary  -94.00 DKK
  Expenses:Food:Restaurant  94.00 DKK

2023-02-16 * "Figest B.V. Hoofddorp" "Møbler & boligudstyr" #spiir
  spiir-id: "638121298917169233"
  Assets:Checking:Dagligvarer  -139.00 DKK
  Expenses:Shopping:Furniture  139.00 DKK

2023-02-16 * "ALDI OEst" "Dagligvarer" #spiir
  spiir-id: "638121298917169234"
  Assets:Checking:Dagligvarer  -86.45 DKK
  Expenses:Food:Groceries  86.45 DKK

2023-02-16 * "Til Dagligvarer" "Kontooverførsel" #spiir
  spiir-id: "638122130998537722"
  Assets:Checking:Primary  -1000.00 DKK
  Assets:Transfer  1000.00 DKK

2023-02-16 * "Til Dagligvarer" "Kontooverførsel" #spiir
  spiir-id: "638122131713901027"
  Assets:Checking:Dagligvarer  1000.00 DKK
  Assets:Transfer  -1000.00 DKK

2023-02-16 * "Fra Lee Ann Hollesen" "Dagligvarer" #spiir
  spiir-id: "638122131713901028"
  Assets:Checking:Dagligvarer  1000.00 DKK
  Expenses:Food:Groceries  -1000.00 DKK

2023-02-16 * "MobilePay Ina Stæhr" "" #spiir
  spiir-id: "638122131713901029"
  Assets:Checking:Dagligvarer  -10.00 DKK
  Expenses:Uncategorized  10.00 DKK

2023-02-17 * "Azra Aps Koebenhavn V" "Kiosk, bager & specialbutikker" #spiir
  spiir-id: "638122130998537720"
  Assets:Checking:Primary  -71.00 DKK
  Expenses:Food:Kiosk  71.00 DKK

2023-02-17 * "Boulders.dk" "Sport & fritid" #spiir
  spiir-id: "638122130998537721"
  Assets:Checking:Primary  -242.25 DKK
  Expenses:Entertainment:Sports  242.25 DKK

2023-02-17 * "Normal K@Benhav" "Frisør & personlig pleje" #spiir
  spiir-id: "638122131713901019"
  Assets:Checking:Dagligvarer  -73.00 DKK
  Expenses:Shopping:Personal-Care  73.00 DKK

2023-02-17 * "Lidl" "Dagligvarer" #spiir
  spiir-id: "638122131713901020"
  Assets:Checking:Dagligvarer  -169.56 DKK
  Expenses:Food:Groceries  169.56 DKK

2023-02-17 * "Kirppu Valby Ap" "Tøj, sko & accessories" #spiir
  spiir-id: "638122131713901021"
  Assets:Checking:Dagligvarer  -14.00 DKK
  Expenses:Shopping:Clothing  14.00 DKK

2023-02-17 * "EasyPark A/S" "Parkering" #spiir
  spiir-id: "638122131713901022"
  Assets:Checking:Dagligvarer  -28.00 DKK
  Expenses:Car:Parking  28.00 DKK

2023-02-17 * "Cadence" "Bar, cafe & restaurant" #spiir
  spiir-id: "638122131713901023"
  Assets:Checking:Dagligvarer  -82.00 DKK
  Expenses:Food:Restaurant  82.00 DKK

2023-02-17 * "BabySam Vesterbro" "Babyudstyr" #spiir
  spiir-id: "638122131713901024"
  Assets:Checking:Dagligvarer  -55.96 DKK
  Expenses:Kids:Baby  55.96 DKK

2023-02-17 * "BabySam Vesterbro" "Babyudstyr" #spiir
  spiir-id: "638122131713901025"
  Assets:Checking:Dagligvarer  -199.50 DKK
  Expenses:Kids:Baby  199.50 DKK

2023-02-17 * "Hooked Carlsbergby" "Bar, cafe & restaurant" #spiir
  spiir-id: "638122131713901026"
  Assets:Checking:Dagligvarer  -80.00 DKK
  Expenses:Food:Restaurant  80.00 DKK

2023-02-20 * "Boulders ApS" "Sport & fritid" #spiir
  spiir-id: "638124766410644898"
  Assets:Checking:Primary  -20.00 DKK
  Expenses:Entertainment:Sports  20.00 DKK

2023-02-20 * "Vietnams Supermarked" "Dagligvarer" #spiir
  spiir-id: "638124767873312724"
  Assets:Checking:Dagligvarer  -171.55 DKK
  Expenses:Food:Groceries  171.55 DKK

2023-02-20 * "Det Gyldne Broed Ap" "Kiosk, bager & specialbutikker" #spiir
  spiir-id: "638124767873312725"
  Assets:Checking:Dagligvarer  -30.00 DKK
  Expenses:Food:Kiosk  30.00 DKK

2023-02-20 * "Boulders ApS" "Sport & fritid" #spiir
  spiir-id: "638124767873312726"
  Assets:Checking:Dagligvarer  -55.00 DKK
  Expenses:Entertainment:Sports  55.00 DKK

2023-02-20 * "Netto Hvidovrevej" "Dagligvarer" #spiir
  spiir-id: "638124767873312727"
  Assets:Checking:Dagligvarer  -190.20 DKK
  Expenses:Food:Groceries  190.20 DKK

2023-02-20 * "Ikea" "Møbler & boligudstyr" #spiir
  spiir-id: "638124767873312728"
  Assets:Checking:Dagligvarer  -19.00 DKK
  Expenses:Shopping:Furniture  19.00 DKK

2023-02-20 * "Ard Bakery Aps" "Kiosk, bager & specialbutikker" #spiir
  spiir-id: "638124767873312729"
  Assets:Checking:Dagligvarer  -50.00 DKK
  Expenses:Food:Kiosk  50.00 DKK

2023-02-20 * "Asien Marked" "Dagligvarer" #spiir
  spiir-id: "638124767873312730"
  Assets:Checking:Dagligvarer  -40.00 DKK
  Expenses:Food:Groceries  40.00 DKK

2023-02-20 * "Hvidovre Apotek" "Apotek & medicin" #spiir
  spiir-id: "638125592826337065"
  Assets:Checking:Dagligvarer  -137.10 DKK
  Expenses:Health:Pharmacy  137.10 DKK

2023-02-20 * "Kvickly Hvidovre" "Dagligvarer" #spiir
  spiir-id: "638125592826337066"
  Assets:Checking:Dagligvarer  -39.45 DKK
  Expenses:Food:Groceries  39.45 DKK

2023-02-20 * "Netto Valby Maskin" "Dagligvarer" #spiir
  spiir-id: "638125592826337067"
  Assets:Checking:Dagligvarer  -37.95 DKK
  Expenses:Food:Groceries  37.95 DKK

2023-02-21 * "R-Bakery Hvidovre" "Kiosk, bager & specialbutikker" #spiir
  spiir-id: "638125592826337063"
  Assets:Checking:Dagligvarer  -218.00 DKK
  Expenses:Food:Kiosk  218.00 DKK

2023-02-21 * "Apple.Com/Bill" "Online services & software" #spiir
  spiir-id: "638125592826337064"
  Assets:Checking:Dagligvarer  -69.00 DKK
  Expenses:Subscriptions:Software  69.00 DKK

2023-02-21 * "Hvidovre Apotek" "Apotek & medicin" #spiir
  spiir-id: "638126482052102929"
  Assets:Checking:Dagligvarer  -113.80 DKK
  Expenses:Health:Pharmacy  113.80 DKK

2023-02-21 * "Kvickly Hvidovre" "Dagligvarer" #spiir
  spiir-id: "638126482052102930"
  Assets:Checking:Dagligvarer  -147.09 DKK
  Expenses:Food:Groceries  147.09 DKK

2023-02-22 * "Uno-X 698 Kbh SV Ell" "Brændstof" #spiir
  spiir-id: "638126482052102927"
  Assets:Checking:Dagligvarer  -316.55 DKK
  Expenses:Car:Gas  316.55 DKK

2023-02-22 * "Fakta" "Dagligvarer" #spiir
  spiir-id: "638126482052102928"
  Assets:Checking:Dagligvarer  -268.45 DKK
  Expenses:Food:Groceries  268.45 DKK

2023-02-22 * "Til Dagligvarer" "Kontooverførsel" #spiir
  spiir-id: "638127313603216214"
  Assets:Checking:Primary  -2500.00 DKK
  Assets:Transfer  2500.00 DKK

2023-02-22 * "Profilmarkiser" "Ombygning & vedligehold" #spiir
  spiir-id: "638127314700246311"
  Assets:Checking:Dagligvarer  -2700.00 DKK
  Expenses:House:Renovation  2700.00 DKK

2023-02-22 * "Fra Lee Ann Hollesen" "Kontooverførsel" #spiir
  spiir-id: "638127314700246312"
  Assets:Checking:Dagligvarer  2500.00 DKK
  Assets:Transfer  -2500.00 DKK

2023-02-22 * "Til Dagligvarer" "Dagligvarer" #spiir
  spiir-id: "638127314700246313"
  Assets:Checking:Dagligvarer  2500.00 DKK
  Expenses:Food:Groceries  -2500.00 DKK

2023-02-23 * "EasyPark A/S" "Parkering" #spiir
  spiir-id: "638127314700246308"
  Assets:Checking:Dagligvarer  -11.60 DKK
  Expenses:Car:Parking  11.60 DKK

2023-02-23 * "EasyPark A/S" "Parkering" #spiir
  spiir-id: "638127314700246309"
  Assets:Checking:Dagligvarer  -5.60 DKK
  Expenses:Car:Parking  5.60 DKK

2023-02-23 * "EasyPark A/S" "Parkering" #spiir
  spiir-id: "638127314700246310"
  Assets:Checking:Dagligvarer  -30.82 DKK
  Expenses:Car:Parking  30.82 DKK

2023-02-23 * "Beta Boulders Cope" "Bar, cafe & restaurant" #spiir
  spiir-id: "638128208057335484"
  Assets:Checking:Primary  -35.00 DKK
  Expenses:Food:Restaurant  35.00 DKK

2023-02-23 * "Beta Boulders Cope" "Bar, cafe & restaurant" #spiir
  spiir-id: "638128208057335485"
  Assets:Checking:Primary  -35.00 DKK
  Expenses:Food:Restaurant  35.00 DKK

2023-02-24 * "Udl. kortbetaling, 1.50% af DKK -67" "Bankgebyrer" #spiir
  spiir-id: "638128208057125070"
  Assets:Checking:Primary  -10.10 DKK
  Expenses:Bank:Fees  10.10 DKK

2023-02-24 * "Readwise Httpsreadwise" "Online services & software" #spiir
  spiir-id: "638128208057335483"
  Assets:Checking:Primary  -673.50 DKK
  Expenses:Subscriptions:Software  673.50 DKK

2023-02-24 * "Netto Hvidovrev" "Dagligvarer" #spiir
  spiir-id: "638128209107473149"
  Assets:Checking:Dagligvarer  -100.50 DKK
  Expenses:Food:Groceries  100.50 DKK

2023-02-24 * "Lidl" "Dagligvarer" #spiir
  spiir-id: "638128209107473150"
  Assets:Checking:Dagligvarer  -190.96 DKK
  Expenses:Food:Groceries  190.96 DKK

2023-02-24 * "Kirppu Valby Ap" "Tøj, sko & accessories" #spiir
  spiir-id: "638128209107473151"
  Assets:Checking:Dagligvarer  -15.00 DKK
  Expenses:Shopping:Clothing  15.00 DKK

2023-02-24 * "Xinya fresh" "" #spiir
  spiir-id: "638129061066020122"
  Assets:Checking:Dagligvarer  -121.00 DKK
  Expenses:Uncategorized  121.00 DKK

2023-02-27 * "Wild Horses" "Bar, cafe & restaurant" #spiir
  spiir-id: "638130808179340504"
  Assets:Checking:Dagligvarer  -40.00 DKK
  Expenses:Food:Restaurant  40.00 DKK

2023-02-27 * "Lidl" "Dagligvarer" #spiir
  spiir-id: "638130808179340505"
  Assets:Checking:Dagligvarer  -122.45 DKK
  Expenses:Food:Groceries  122.45 DKK

2023-02-27 * "MobilePay dba.dk" "Serviceydelser & rådgivning" #spiir
  spiir-id: "638132604618609571"
  Assets:Checking:Primary  -88.00 DKK
  Expenses:Services  88.00 DKK

2023-02-27 * "Føtex Friheden" "Dagligvarer" #spiir
  spiir-id: "638132606605198763"
  Assets:Checking:Dagligvarer  -14.00 DKK
  Expenses:Food:Groceries  14.00 DKK

2023-02-28 * "Nedbetaling huslån" "Kontooverførsel" #spiir
  spiir-id: "638132604618609565"
  Assets:Checking:Primary  -7625.33 DKK
  Assets:Transfer  7625.33 DKK

2023-02-28 * "Huslån - PRM" "Kontooverførsel" #spiir
  spiir-id: "638132604618609566"
  Assets:Checking:Primary  -7625.33 DKK
  Assets:Transfer  7625.33 DKK

2023-02-28 * "MobilePay Catalin Jana Bianca Dyckh" "Andet privatforbrug" #spiir
  spiir-id: "638132604618609567"
  Assets:Checking:Primary  -300.00 DKK
  Expenses:Shopping:Other  300.00 DKK

2023-02-28 * "3´s Kortbetaling" "Telefoni & internet" #spiir
  spiir-id: "638132604618609568"
  Assets:Checking:Primary  -160.00 DKK
  Expenses:Subscriptions:Telecom  160.00 DKK

2023-02-28 * "Send.Gls.Dk Kolding" "Andet privatforbrug" #spiir
  spiir-id: "638132604618609569"
  Assets:Checking:Primary  -110.00 DKK
  Expenses:Shopping:Other  110.00 DKK

2023-02-28 * "Huslån - LAH" "Kontooverførsel" #spiir
  spiir-id: "638132605578184292"
  Assets:Checking:Fixed  7625.33 DKK
  Assets:Transfer  -7625.33 DKK

2023-02-28 * "Huslån - PRM" "Kontooverførsel" #spiir
  spiir-id: "638132605578184293"
  Assets:Checking:Fixed  7625.33 DKK
  Assets:Transfer  -7625.33 DKK

2023-02-28 * "Realkredit Danmark" "Boliglån/husleje" #spiir
  spiir-id: "638132605578184294"
  Assets:Checking:Fixed  -15250.65 DKK
  Expenses:House:Mortgage  15250.65 DKK

2023-02-28 * "DSB Dybbølsbro Aut" "Bus, tog, færge o.l." #spiir
  spiir-id: "638132606605198759"
  Assets:Checking:Dagligvarer  -30.00 DKK
  Expenses:Transport:Public  30.00 DKK

2023-02-28 * "DSB Åmarken Aut" "Bus, tog, færge o.l." #spiir
  spiir-id: "638132606605198760"
  Assets:Checking:Dagligvarer  -24.00 DKK
  Expenses:Transport:Public  24.00 DKK

2023-02-28 * "Wild Horses Copen Kobenha" "Bar, cafe & restaurant" #spiir
  spiir-id: "638132606605198761"
  Assets:Checking:Dagligvarer  -33.00 DKK
  Expenses:Food:Restaurant  33.00 DKK

2023-02-28 * "Wild Horses Copen Kobenha" "Bar, cafe & restaurant" #spiir
  spiir-id: "638132606605198762"
  Assets:Checking:Dagligvarer  -115.00 DKK
  Expenses:Food:Restaurant  115.00 DKK

2023-03-01 * "Tandforsikring - PRM" "Kontooverførsel" #spiir
  spiir-id: "638132604618609556"
  Assets:Checking:Primary  -60.00 DKK
  Assets:Transfer  60.00 DKK

2023-03-01 * "Spotify" "Kontooverførsel" #spiir
  spiir-id: "638132604618609557"
  Assets:Checking:Primary  -97.00 DKK
  Assets:Transfer  97.00 DKK

2023-03-01 * "Bilforsikr, afgift - PRM" "Kontooverførsel" #spiir
  spiir-id: "638132604618609558"
  Assets:Checking:Primary  -250.00 DKK
  Assets:Transfer  250.00 DKK

2023-03-01 * "Hus, indboforsikr - PRM" "Kontooverførsel" #spiir
  spiir-id: "638132604618609559"
  Assets:Checking:Primary  -347.00 DKK
  Assets:Transfer  347.00 DKK

2023-03-01 * "El, vand og varme - PRM" "Kontooverførsel" #spiir
  spiir-id: "638132604618609560"
  Assets:Checking:Primary  -1084.00 DKK
  Assets:Transfer  1084.00 DKK

2023-03-01 * "Ejendommensskat - PRM" "Kontooverførsel" #spiir
  spiir-id: "638132604618609561"
  Assets:Checking:Primary  -1224.50 DKK
  Assets:Transfer  1224.50 DKK

2023-03-01 * "Vuggestue - PRM" "Kontooverførsel" #spiir
  spiir-id: "638132604618609562"
  Assets:Checking:Primary  -2010.50 DKK
  Assets:Transfer  2010.50 DKK

2023-03-01 * "Dagligvarer - PRM" "Kontooverførsel" #spiir
  spiir-id: "638132604618609563"
  Assets:Checking:Primary  -3500.00 DKK
  Assets:Transfer  3500.00 DKK

2023-03-01 * "iCloud Fastefæll.udgifte" "Kontooverførsel" #spiir
  spiir-id: "638132604618609564"
  Assets:Checking:Primary  69.00 DKK
  Assets:Transfer  -69.00 DKK

2023-03-01 * "Lønoverførsel" "Løn" #spiir
  spiir-id: "638132604618609570"
  Assets:Checking:Primary  41049.33 DKK
  Income:Salary  -41049.33 DKK

2023-03-01 * "Tryg" "Indbo- & familieforsikring" #spiir
  spiir-id: "638132605577882745"
  Assets:Checking:Fixed  -378.52 DKK
  Expenses:House:Contents-Insurance  378.52 DKK

2023-03-01 * "Tandforsikring - LAH" "Kontooverførsel" #spiir
  spiir-id: "638132605577882746"
  Assets:Checking:Fixed  60.00 DKK
  Assets:Transfer  -60.00 DKK

2023-03-01 * "Spotify" "Kontooverførsel" #spiir
  spiir-id: "638132605577882747"
  Assets:Checking:Fixed  97.00 DKK
  Assets:Transfer  -97.00 DKK

2023-03-01 * "Bilforsikr, afgift - LAH" "Kontooverførsel" #spiir
  spiir-id: "638132605577882748"
  Assets:Checking:Fixed  250.00 DKK
  Assets:Transfer  -250.00 DKK

2023-03-01 * "Hus, indboforsikr - LAH" "Kontooverførsel" #spiir
  spiir-id: "638132605577882749"
  Assets:Checking:Fixed  347.00 DKK
  Assets:Transfer  -347.00 DKK

2023-03-01 * "El, vand og varme - LAH" "Kontooverførsel" #spiir
  spiir-id: "638132605577882750"
  Assets:Checking:Fixed  1084.00 DKK
  Assets:Transfer  -1084.00 DKK

2023-03-01 * "Ejendomsskat - LAH" "Kontooverførsel" #spiir
  spiir-id: "638132605577882751"
  Assets:Checking:Fixed  1224.50 DKK
  Assets:Transfer  -1224.50 DKK

2023-03-01 * "Vuggestue - LAH" "Kontooverførsel" #spiir
  spiir-id: "638132605577882752"
  Assets:Checking:Fixed  2010.50 DKK
  Assets:Transfer  -2010.50 DKK

2023-03-01 * "Tandforsikring - PRM" "Sundheds- & sygeforsikring" #spiir
  spiir-id: "638132605577882753"
  Assets:Checking:Fixed  60.00 DKK
  Expenses:Insurance:Health  -60.00 DKK

2023-03-01 * "Spotify" "Film, musik & læsestof" #spiir
  spiir-id: "638132605578184285"
  Assets:Checking:Fixed  97.00 DKK
  Expenses:Entertainment:Media  -97.00 DKK

2023-03-01 * "Bilforsikr, afgift - PRM" "Bilforsikring & autohjælp" #spiir
  spiir-id: "638132605578184286"
  Assets:Checking:Fixed  250.00 DKK
  Expenses:Car:Insurance  -250.00 DKK

2023-03-01 * "Hus, indboforsikr - PRM" "Husforsikring" #spiir
  spiir-id: "638132605578184287"
  Assets:Checking:Fixed  347.00 DKK
  Expenses:House:Insurance  -347.00 DKK

2023-03-01 * "El, vand og varme - PRM" "El, vand, varme & renovation" #spiir
  spiir-id: "638132605578184288"
  Assets:Checking:Fixed  1084.00 DKK
  Expenses:House:Heating  -1084.00 DKK

2023-03-01 * "Ejendommensskat - PRM" "Ejendomsskat" #spiir
  spiir-id: "638132605578184289"
  Assets:Checking:Fixed  1224.50 DKK
  Expenses:House:Tax  -1224.50 DKK

2023-03-01 * "Vuggestue - PRM" "Institution" #spiir
  spiir-id: "638132605578184290"
  Assets:Checking:Fixed  2010.50 DKK
  Expenses:Kids:Institution  -2010.50 DKK

2023-03-01 * "iCloud" "Kontooverførsel" #spiir
  spiir-id: "638132605578184291"
  Assets:Checking:Fixed  -69.00 DKK
  Assets:Transfer  69.00 DKK

2023-03-01 * "Lidl" "Dagligvarer" #spiir
  spiir-id: "638132606605198755"
  Assets:Checking:Dagligvarer  -74.00 DKK
  Expenses:Food:Groceries  74.00 DKK

2023-03-01 * "F@Tex Friheden" "Dagligvarer" #spiir
  spiir-id: "638132606605198756"
  Assets:Checking:Dagligvarer  -331.75 DKK
  Expenses:Food:Groceries  331.75 DKK

2023-03-01 * "Fællesudgifter" "Kontooverførsel" #spiir
  spiir-id: "638132606605198757"
  Assets:Checking:Dagligvarer  3500.00 DKK
  Assets:Transfer  -3500.00 DKK

2023-03-01 * "Dagligvarer - PRM" "Dagligvarer" #spiir
  spiir-id: "638132606605198758"
  Assets:Checking:Dagligvarer  3500.00 DKK
  Expenses:Food:Groceries  -3500.00 DKK

2023-03-01 * "hiper.dk" "Telefoni & internet" #spiir
  spiir-id: "638133444626712326"
  Assets:Checking:Primary  -269.00 DKK
  Expenses:Subscriptions:Telecom  269.00 DKK

2023-03-01 * "tipster.dk 138-9" "" #spiir
  spiir-id: "638133444626712327"
  Assets:Checking:Primary  -600.00 DKK
  Expenses:Uncategorized  600.00 DKK

2023-03-01 * "H.W. Larsen & Sønn" "Møbler & boligudstyr" #spiir
  spiir-id: "638133446216725537"
  Assets:Checking:Dagligvarer  -40.00 DKK
  Expenses:Shopping:Furniture  40.00 DKK

2023-03-01 * "Kft Jylland ApS" "Dagligvarer" #spiir
  spiir-id: "638133446216725538"
  Assets:Checking:Dagligvarer  -223.88 DKK
  Expenses:Food:Groceries  223.88 DKK

2023-03-02 * "FDB Kvickly Hvidovre" "Dagligvarer" #spiir
  spiir-id: "638133446216725536"
  Assets:Checking:Dagligvarer  -168.95 DKK
  Expenses:Food:Groceries  168.95 DKK

2023-03-02 * "Kft Jylland ApS" "Dagligvarer" #spiir
  spiir-id: "638134270475601150"
  Assets:Checking:Dagligvarer  -54.43 DKK
  Expenses:Food:Groceries  54.43 DKK

2023-03-03 * "Toolbeer.Dk Copenhagen" "Tobak & alkohol" #spiir
  spiir-id: "638134268995433200"
  Assets:Checking:Primary  -190.00 DKK
  Expenses:Food:Alcohol  190.00 DKK

2023-03-03 * "Ikea" "Møbler & boligudstyr" #spiir
  spiir-id: "638134270475601146"
  Assets:Checking:Dagligvarer  -436.00 DKK
  Expenses:Shopping:Furniture  436.00 DKK

2023-03-03 * "Lidl" "Dagligvarer" #spiir
  spiir-id: "638134270475601147"
  Assets:Checking:Dagligvarer  -126.10 DKK
  Expenses:Food:Groceries  126.10 DKK

2023-03-03 * "F@Tex Hvidovrev" "Dagligvarer" #spiir
  spiir-id: "638134270475601148"
  Assets:Checking:Dagligvarer  -91.95 DKK
  Expenses:Food:Groceries  91.95 DKK

2023-03-03 * "Adnan Eyad ApS" "Dagligvarer" #spiir
  spiir-id: "638134270475601149"
  Assets:Checking:Dagligvarer  -72.50 DKK
  Expenses:Food:Groceries  72.50 DKK

2023-03-06 * "Kanalu" "Bar, cafe & restaurant" #spiir
  spiir-id: "638136826115715214"
  Assets:Checking:Primary  -43.00 DKK
  Expenses:Food:Restaurant  43.00 DKK

2023-03-06 * "Hvidovre kommune" "Institution" #spiir
  spiir-id: "638136826899158308"
  Assets:Checking:Fixed  -4021.00 DKK
  Expenses:Kids:Institution  4021.00 DKK

2023-03-06 * "B" "" #spiir
  spiir-id: "638136826899158309"
  Assets:Checking:Fixed  1909.76 DKK
  Expenses:Uncategorized  -1909.76 DKK

2023-03-06 * "Kanalu" "Bar, cafe & restaurant" #spiir
  spiir-id: "638136827521050971"
  Assets:Checking:Dagligvarer  -35.00 DKK
  Expenses:Food:Restaurant  35.00 DKK

2023-03-06 * "Kanalu" "Bar, cafe & restaurant" #spiir
  spiir-id: "638136827521050972"
  Assets:Checking:Dagligvarer  -173.00 DKK
  Expenses:Food:Restaurant  173.00 DKK

2023-03-06 * "Netto Hvidovrevej" "Dagligvarer" #spiir
  spiir-id: "638136827521050973"
  Assets:Checking:Dagligvarer  -178.40 DKK
  Expenses:Food:Groceries  178.40 DKK

2023-03-06 * "Fakta" "Dagligvarer" #spiir
  spiir-id: "638136827521050974"
  Assets:Checking:Dagligvarer  -72.95 DKK
  Expenses:Food:Groceries  72.95 DKK

2023-03-06 * "Lidl" "Dagligvarer" #spiir
  spiir-id: "638136827521050975"
  Assets:Checking:Dagligvarer  -79.57 DKK
  Expenses:Food:Groceries  79.57 DKK

2023-03-06 * "Strutto ApS" "Bar, cafe & restaurant" #spiir
  spiir-id: "638136827521050976"
  Assets:Checking:Dagligvarer  -50.00 DKK
  Expenses:Food:Restaurant  50.00 DKK

2023-03-06 * "Netto Hvidovrevej" "Dagligvarer" #spiir
  spiir-id: "638137703039020941"
  Assets:Checking:Dagligvarer  -85.00 DKK
  Expenses:Food:Groceries  85.00 DKK

2023-03-07 * "UZR*Bergzeit GmbH Otterfing" "Tøj, sko & accessories" #spiir
  spiir-id: "638137702162289854"
  Assets:Checking:Primary  2481.32 DKK
  Expenses:Shopping:Clothing  -2481.32 DKK

2023-03-08 * "Kvickly Hvidovre" "Dagligvarer" #spiir
  spiir-id: "638139421128378804"
  Assets:Checking:Dagligvarer  -28.00 DKK
  Expenses:Food:Groceries  28.00 DKK

2023-03-09 * "Photocare Friheden" "Elektronik & computerudstyr" #spiir
  spiir-id: "638139421128378803"
  Assets:Checking:Dagligvarer  -150.00 DKK
  Expenses:Shopping:Electronics  150.00 DKK

2023-03-09 * "MobilePay Impronta" "" #spiir
  spiir-id: "638140371506467308"
  Assets:Checking:Primary  -70.00 DKK
  Expenses:Uncategorized  70.00 DKK

2023-03-09 * "MobilePay Catalin Jana Bianca Dyckh" "Ferieaktiviteter" #spiir
  spiir-id: "638140372993501877"
  Assets:Checking:Dagligvarer  -375.00 DKK
  Expenses:Travel:Activities  375.00 DKK

2023-03-09 * "MobilePay Gastronomer" "Dagligvarer" #spiir
  spiir-id: "638140372993501878"
  Assets:Checking:Dagligvarer  -45.00 DKK
  Expenses:Food:Groceries  45.00 DKK

2023-03-10 * "REMA 1000 Valby" "Dagligvarer" #spiir
  spiir-id: "638140372993501874"
  Assets:Checking:Dagligvarer  -75.21 DKK
  Expenses:Food:Groceries  75.21 DKK

2023-03-10 * "F@Tex Friheden" "Dagligvarer" #spiir
  spiir-id: "638140372993501875"
  Assets:Checking:Dagligvarer  -410.70 DKK
  Expenses:Food:Groceries  410.70 DKK

2023-03-10 * "Helsemin A/S" "" #spiir
  spiir-id: "638140372993501876"
  Assets:Checking:Dagligvarer  -51.10 DKK
  Expenses:Uncategorized  51.10 DKK

2023-03-10 * "MobilePay Dan Meakin" "Bar, cafe & restaurant" #spiir
  spiir-id: "638141189864859477"
  Assets:Checking:Primary  -125.00 DKK
  Expenses:Food:Restaurant  125.00 DKK

2023-03-10 * "Pas til Nor" "" #spiir
  spiir-id: "638141191244912450"
  Assets:Checking:Dagligvarer  -150.00 DKK
  Expenses:Uncategorized  150.00 DKK

2023-03-10 * "Amazon 10.3" "Film, musik & læsestof" #spiir
  spiir-id: "638141191244912451"
  Assets:Checking:Dagligvarer  -467.00 DKK
  Expenses:Entertainment:Media  467.00 DKK

2023-03-13 * "Lidl" "Dagligvarer" #spiir
  spiir-id: "638142876398019402"
  Assets:Checking:Dagligvarer  -205.37 DKK
  Expenses:Food:Groceries  205.37 DKK

2023-03-13 * "REMA 1000 Valby" "Dagligvarer" #spiir
  spiir-id: "638142876398175648"
  Assets:Checking:Dagligvarer  -349.30 DKK
  Expenses:Food:Groceries  349.30 DKK

2023-03-13 * "Bella Center Koebenhavn S" "Bar, cafe & restaurant" #spiir
  spiir-id: "638142876398175649"
  Assets:Checking:Dagligvarer  -60.00 DKK
  Expenses:Food:Restaurant  60.00 DKK

2023-03-13 * "EasyPark A/S" "Parkering" #spiir
  spiir-id: "638142876398175650"
  Assets:Checking:Dagligvarer  -103.50 DKK
  Expenses:Car:Parking  103.50 DKK

2023-03-13 * "EasyPark A/S" "Parkering" #spiir
  spiir-id: "638142876398175651"
  Assets:Checking:Dagligvarer  -22.75 DKK
  Expenses:Car:Parking  22.75 DKK

2023-03-14 * "Udl. kortbetaling, 1.50% af DKK -54" "Bankgebyrer" #spiir
  spiir-id: "638143780342047577"
  Assets:Checking:Primary  -8.23 DKK
  Expenses:Bank:Fees  8.23 DKK

2023-03-14 * "Reclaim* Trial Over Httpsreclaim" "Online services & software" #spiir
  spiir-id: "638143780342047578"
  Assets:Checking:Primary  -548.92 DKK
  Expenses:Subscriptions:Software  548.92 DKK

2023-03-14 * "Google Nest g.co/helppayÆ" "Alarmsystem" #spiir
  spiir-id: "638143781887504986"
  Assets:Checking:Dagligvarer  -40.00 DKK
  Expenses:House:Alarm  40.00 DKK

2023-03-14 * "Zoologisk Have i Koe" "Biograf, koncerter & forlystelser" #spiir
  spiir-id: "638143781887504987"
  Assets:Checking:Dagligvarer  -50.00 DKK
  Expenses:Entertainment:Events  50.00 DKK

2023-03-14 * "Zoologisk Have i Koe" "Biograf, koncerter & forlystelser" #spiir
  spiir-id: "638143781887504988"
  Assets:Checking:Dagligvarer  20.00 DKK
  Expenses:Entertainment:Events  -20.00 DKK

2023-03-14 * "Fakta" "Dagligvarer" #spiir
  spiir-id: "638144612132367368"
  Assets:Checking:Dagligvarer  -37.75 DKK
  Expenses:Food:Groceries  37.75 DKK

2023-03-15 * "F@Tex Hvidovrev" "Dagligvarer" #spiir
  spiir-id: "638144612132367367"
  Assets:Checking:Dagligvarer  -378.55 DKK
  Expenses:Food:Groceries  378.55 DKK

2023-03-16 * "Vaisenhus Apotek" "Apotek & medicin" #spiir
  spiir-id: "638145524265039355"
  Assets:Checking:Dagligvarer  -39.85 DKK
  Expenses:Health:Pharmacy  39.85 DKK

2023-03-17 * "Rema 1000 Valby" "Dagligvarer" #spiir
  spiir-id: "638146417093006451"
  Assets:Checking:Dagligvarer  -190.65 DKK
  Expenses:Food:Groceries  190.65 DKK

2023-03-17 * "Adnan Eyad ApS" "Dagligvarer" #spiir
  spiir-id: "638146417093006452"
  Assets:Checking:Dagligvarer  -80.00 DKK
  Expenses:Food:Groceries  80.00 DKK

2023-03-17 * "DSB Åmarken Aut" "Bus, tog, færge o.l." #spiir
  spiir-id: "638147187558400774"
  Assets:Checking:Primary  -24.00 DKK
  Expenses:Transport:Public  24.00 DKK

2023-03-19 * "Amazon 2/2 og 30/1" "Film, musik & læsestof" #spiir
  spiir-id: "638148049636605159"
  Assets:Checking:Dagligvarer  -1005.00 DKK
  Expenses:Entertainment:Media  1005.00 DKK

2023-03-19 * "Curaprox tandbørster" "" #spiir
  spiir-id: "638148049636605160"
  Assets:Checking:Dagligvarer  -128.00 DKK
  Expenses:Uncategorized  128.00 DKK

2023-03-19 * "Zookort" "Biograf, koncerter & forlystelser" #spiir
  spiir-id: "638148913100928499"
  Assets:Checking:Dagligvarer  -425.00 DKK
  Expenses:Entertainment:Events  425.00 DKK

2023-03-19 * "Svømmehal fra Apo" "" #spiir
  spiir-id: "638148913100928500"
  Assets:Checking:Dagligvarer  100.00 DKK
  Expenses:Uncategorized  -100.00 DKK

2023-03-20 * "DSB København AUT" "Bus, tog, færge o.l." #spiir
  spiir-id: "638148911812362387"
  Assets:Checking:Primary  -24.00 DKK
  Expenses:Transport:Public  24.00 DKK

2023-03-20 * "Rema 1000 Valle" "Dagligvarer" #spiir
  spiir-id: "638148913100928489"
  Assets:Checking:Dagligvarer  -20.20 DKK
  Expenses:Food:Groceries  20.20 DKK

2023-03-20 * "Rema 1000 Valle" "Dagligvarer" #spiir
  spiir-id: "638148913100928490"
  Assets:Checking:Dagligvarer  -493.85 DKK
  Expenses:Food:Groceries  493.85 DKK

2023-03-20 * "Ramg Mart Aps" "Dagligvarer" #spiir
  spiir-id: "638148913100928491"
  Assets:Checking:Dagligvarer  -40.00 DKK
  Expenses:Food:Groceries  40.00 DKK

2023-03-20 * "Netto Hvidovrev" "Dagligvarer" #spiir
  spiir-id: "638148913100928492"
  Assets:Checking:Dagligvarer  -114.75 DKK
  Expenses:Food:Groceries  114.75 DKK

2023-03-20 * "Flea Kids Aps" "Tøj, sko & accessories" #spiir
  spiir-id: "638148913100928493"
  Assets:Checking:Dagligvarer  -209.50 DKK
  Expenses:Shopping:Clothing  209.50 DKK

2023-03-20 * "Express Hvidovr" "Brændstof" #spiir
  spiir-id: "638148913100928494"
  Assets:Checking:Dagligvarer  -367.78 DKK
  Expenses:Car:Gas  367.78 DKK

2023-03-20 * "Dit Lokale Thaikoekk" "Bar, cafe & restaurant" #spiir
  spiir-id: "638148913100928495"
  Assets:Checking:Dagligvarer  -99.00 DKK
  Expenses:Food:Restaurant  99.00 DKK

2023-03-20 * "Avedoere Idraetsanla" "Offentligt gebyr" #spiir
  spiir-id: "638148913100928496"
  Assets:Checking:Dagligvarer  -100.00 DKK
  Expenses:Tax:Fees  100.00 DKK

2023-03-20 * "Boulders ApS" "Sport & fritid" #spiir
  spiir-id: "638148913100928497"
  Assets:Checking:Dagligvarer  -25.00 DKK
  Expenses:Entertainment:Sports  25.00 DKK

2023-03-20 * "Netto Toftegård" "Dagligvarer" #spiir
  spiir-id: "638148913100928498"
  Assets:Checking:Dagligvarer  -83.80 DKK
  Expenses:Food:Groceries  83.80 DKK

2023-03-20 * "Til Dagligvarer" "Kontooverførsel" #spiir
  spiir-id: "638149795788937062"
  Assets:Checking:Primary  -1000.00 DKK
  Assets:Transfer  1000.00 DKK

2023-03-20 * "MobilePay Lee Ann Hollesen" "Hobby & sportsudstyr" #spiir
  spiir-id: "638149795788937063"
  Assets:Checking:Primary  -346.50 DKK
  Expenses:Shopping:Sports  346.50 DKK

2023-03-20 * "Til Dagligvarer" "Kontooverførsel" #spiir
  spiir-id: "638149796755387368"
  Assets:Checking:Dagligvarer  1000.00 DKK
  Assets:Transfer  -1000.00 DKK

2023-03-20 * "Fra Lee Ann Hollesen" "Dagligvarer" #spiir
  spiir-id: "638149796755387369"
  Assets:Checking:Dagligvarer  1000.00 DKK
  Expenses:Food:Groceries  -1000.00 DKK

2023-03-20 * "Netto Valby Maskin" "Dagligvarer" #spiir
  spiir-id: "638149796755387370"
  Assets:Checking:Dagligvarer  -470.40 DKK
  Expenses:Food:Groceries  470.40 DKK

2023-03-20 * "Netto Valby Maskin" "Dagligvarer" #spiir
  spiir-id: "638149796755387371"
  Assets:Checking:Dagligvarer  -51.25 DKK
  Expenses:Food:Groceries  51.25 DKK

2023-03-21 * "Max Burgers 7610004_Kiosk Koebenh" "Fastfood & takeaway" #spiir
  spiir-id: "638149795788937060"
  Assets:Checking:Primary  -113.00 DKK
  Expenses:Food:Takeaway  113.00 DKK

2023-03-21 * "Rejsekort - DSB" "Bus, tog, færge o.l." #spiir
  spiir-id: "638149795788937061"
  Assets:Checking:Primary  -300.00 DKK
  Expenses:Transport:Public  300.00 DKK

2023-03-21 * "Avedoere Idraetscenter Hvidovre" "Offentligt gebyr" #spiir
  spiir-id: "638149796755198736"
  Assets:Checking:Dagligvarer  -10.00 DKK
  Expenses:Tax:Fees  10.00 DKK

2023-03-21 * "Apple.Com/Bill Cork" "Online services & software" #spiir
  spiir-id: "638149796755387366"
  Assets:Checking:Dagligvarer  -69.00 DKK
  Expenses:Subscriptions:Software  69.00 DKK

2023-03-21 * "EasyPark A/S easypark.dk" "Parkering" #spiir
  spiir-id: "638149796755387367"
  Assets:Checking:Dagligvarer  -64.69 DKK
  Expenses:Car:Parking  64.69 DKK

2023-03-21 * "Jupiter Hvidovre" "Værksted & reservedele" #spiir
  spiir-id: "638150694844374780"
  Assets:Checking:Primary  -255.00 DKK
  Expenses:Car:Service  255.00 DKK

2023-03-21 * "MobilePay DOT APP" "Bus, tog, færge o.l." #spiir
  spiir-id: "638150694844505208"
  Assets:Checking:Primary  -24.00 DKK
  Expenses:Transport:Public  24.00 DKK

2023-03-21 * "MobilePay DOT APP" "Bus, tog, færge o.l." #spiir
  spiir-id: "638150694844505209"
  Assets:Checking:Primary  -24.00 DKK
  Expenses:Transport:Public  24.00 DKK

2023-03-21 * "Kvickly Hvidovre" "Dagligvarer" #spiir
  spiir-id: "638150696048573998"
  Assets:Checking:Dagligvarer  -171.20 DKK
  Expenses:Food:Groceries  171.20 DKK

2023-03-21 * "spotdeal.dk" "Bar, cafe & restaurant" #spiir
  spiir-id: "638150696048573999"
  Assets:Checking:Dagligvarer  -148.00 DKK
  Expenses:Food:Restaurant  148.00 DKK

2023-03-23 * "Sukhotai Asia Markt" "Dagligvarer" #spiir
  spiir-id: "638151560105934770"
  Assets:Checking:Dagligvarer  -49.14 DKK
  Expenses:Food:Groceries  49.14 DKK

2023-03-23 * "Nadi Markt" "Dagligvarer" #spiir
  spiir-id: "638151560105934771"
  Assets:Checking:Dagligvarer  -26.65 DKK
  Expenses:Food:Groceries  26.65 DKK

2023-03-23 * "DM-Drogerie Markt" "Frisør & personlig pleje" #spiir
  spiir-id: "638151560105934772"
  Assets:Checking:Dagligvarer  -20.62 DKK
  Expenses:Shopping:Personal-Care  20.62 DKK

2023-03-23 * "MobilePay Catalin Jana Bianca Dyckh" "Ferieaktiviteter" #spiir
  spiir-id: "638152386836917066"
  Assets:Checking:Dagligvarer  -360.00 DKK
  Expenses:Travel:Activities  360.00 DKK

2023-03-24 * "Eims Asia Markt" "Dagligvarer" #spiir
  spiir-id: "638152386836917064"
  Assets:Checking:Dagligvarer  -80.65 DKK
  Expenses:Food:Groceries  80.65 DKK

2023-03-24 * "Budnikowsky" "Dagligvarer" #spiir
  spiir-id: "638152386836917065"
  Assets:Checking:Dagligvarer  -380.87 DKK
  Expenses:Food:Groceries  380.87 DKK

2023-03-25 * "MobilePay Orion Madsen" "Gaver & velgørenhed" #spiir
  spiir-id: "638154148438994503"
  Assets:Checking:Primary  -150.00 DKK
  Expenses:Gifts  150.00 DKK

2023-03-25 * "MobilePay Min Søsters Kaffe ApS" "Bar, cafe & restaurant" #spiir
  spiir-id: "638154148438994504"
  Assets:Checking:Primary  -35.00 DKK
  Expenses:Food:Restaurant  35.00 DKK

2023-03-26 * "Spejl til bil" "Kontooverførsel" #spiir
  spiir-id: "638155060468851241"
  Assets:Checking:Primary  149.00 DKK
  Assets:Transfer  -149.00 DKK

2023-03-26 * "Til Dagligvarer" "Kontooverførsel" #spiir
  spiir-id: "638155060468851242"
  Assets:Checking:Primary  -1000.00 DKK
  Assets:Transfer  1000.00 DKK

2023-03-26 * "Spejl til bil" "Kontooverførsel" #spiir
  spiir-id: "638155061809475230"
  Assets:Checking:Dagligvarer  -149.00 DKK
  Assets:Transfer  149.00 DKK

2023-03-26 * "Fra Lee Ann Hollesen" "Kontooverførsel" #spiir
  spiir-id: "638155061809475231"
  Assets:Checking:Dagligvarer  1000.00 DKK
  Assets:Transfer  -1000.00 DKK

2023-03-26 * "Til Dagligvarer" "Dagligvarer" #spiir
  spiir-id: "638155061809475232"
  Assets:Checking:Dagligvarer  1000.00 DKK
  Expenses:Food:Groceries  -1000.00 DKK

2023-03-27 * "CPH Parkering A/S" "Parkering" #spiir
  spiir-id: "638155061809475229"
  Assets:Checking:Dagligvarer  -50.00 DKK
  Expenses:Car:Parking  50.00 DKK

2023-03-27 * "Til Dagligvarer" "Kontooverførsel" #spiir
  spiir-id: "638155928018495104"
  Assets:Checking:Primary  -1000.00 DKK
  Assets:Transfer  1000.00 DKK

2023-03-27 * "MobilePay dba.dk" "Serviceydelser & rådgivning" #spiir
  spiir-id: "638155928018495105"
  Assets:Checking:Primary  -88.00 DKK
  Expenses:Services  88.00 DKK

2023-03-27 * "Fra Lee Ann Hollesen" "Kontooverførsel" #spiir
  spiir-id: "638155930043820524"
  Assets:Checking:Dagligvarer  1000.00 DKK
  Assets:Transfer  -1000.00 DKK

2023-03-27 * "Fra Primary" "Dagligvarer" #spiir
  spiir-id: "638155930043820525"
  Assets:Checking:Dagligvarer  1000.00 DKK
  Expenses:Food:Groceries  -1000.00 DKK

2023-03-27 * "Netto Emdrupvej" "Dagligvarer" #spiir
  spiir-id: "638155930043820526"
  Assets:Checking:Dagligvarer  -138.95 DKK
  Expenses:Food:Groceries  138.95 DKK

2023-03-28 * "Gamma Brewing Herlev" "Tobak & alkohol" #spiir
  spiir-id: "638155928018495103"
  Assets:Checking:Primary  -25.00 DKK
  Expenses:Food:Alcohol  25.00 DKK

2023-03-28 * "Hotel at Booking.com Amsterdam" "Fly & Hotel" #spiir
  spiir-id: "638155930043820521"
  Assets:Checking:Dagligvarer  -290.69 DKK
  Expenses:Travel:Transport  290.69 DKK

2023-03-28 * "Fai Market Kobenhavn N" "Kiosk, bager & specialbutikker" #spiir
  spiir-id: "638155930043820522"
  Assets:Checking:Dagligvarer  -25.00 DKK
  Expenses:Food:Kiosk  25.00 DKK

2023-03-28 * "Scandlines Danmark" "Ferieaktiviteter" #spiir
  spiir-id: "638155930043820523"
  Assets:Checking:Dagligvarer  -769.00 DKK
  Expenses:Travel:Activities  769.00 DKK

2023-03-28 * "MobilePay Catalin Jana Bianca Dyckh" "Ferieaktiviteter" #spiir
  spiir-id: "638170624362877405"
  Assets:Checking:Dagligvarer  -400.00 DKK
  Expenses:Travel:Activities  400.00 DKK

2023-03-29 * "jensencykler.com" "Værksted & reservedele" #spiir
  spiir-id: "638170622116421648"
  Assets:Checking:Primary  -224.00 DKK
  Expenses:Car:Service  224.00 DKK

2023-03-29 * "AMZN Mktp DE" "Andet privatforbrug" #spiir
  spiir-id: "638170622116421649"
  Assets:Checking:Primary  -536.21 DKK
  Expenses:Shopping:Other  536.21 DKK

2023-03-29 * "Lidl" "Dagligvarer" #spiir
  spiir-id: "638170624362877402"
  Assets:Checking:Dagligvarer  -10.00 DKK
  Expenses:Food:Groceries  10.00 DKK

2023-03-29 * "downtown.dk" "Bar, cafe & restaurant" #spiir
  spiir-id: "638170624362877404"
  Assets:Checking:Dagligvarer  -82.75 DKK
  Expenses:Food:Restaurant  82.75 DKK

2023-03-30 * "Harrestrup Villakvarter" "" #spiir
  spiir-id: "638170623260180494"
  Assets:Checking:Fixed  -200.00 DKK
  Expenses:Uncategorized  200.00 DKK

2023-03-30 * "Gaarden & Gaden Kobenhavn N" "Bar, cafe & restaurant" #spiir
  spiir-id: "638170624362877396"
  Assets:Checking:Dagligvarer  -170.00 DKK
  Expenses:Food:Restaurant  170.00 DKK

2023-03-30 * "WEBAPOTEKET.DK Hadsten" "Apotek & medicin" #spiir
  spiir-id: "638170624362877399"
  Assets:Checking:Dagligvarer  -988.58 DKK
  Expenses:Health:Pharmacy  988.58 DKK

2023-03-30 * "FDB Kvickly Hvidovre" "Dagligvarer" #spiir
  spiir-id: "638170624362877401"
  Assets:Checking:Dagligvarer  -210.55 DKK
  Expenses:Food:Groceries  210.55 DKK

2023-03-31 * "Huslån - PRM" "Kontooverførsel" #spiir
  spiir-id: "638170622116421644"
  Assets:Checking:Primary  -7625.33 DKK
  Assets:Transfer  7625.33 DKK

2023-03-31 * "Nedbetaling huslån - PRM" "Kontooverførsel" #spiir
  spiir-id: "638170622116421645"
  Assets:Checking:Primary  -7625.33 DKK
  Assets:Transfer  7625.33 DKK

2023-03-31 * "Jupiter Hvidovre" "Værksted & reservedele" #spiir
  spiir-id: "638170622116421647"
  Assets:Checking:Primary  -205.00 DKK
  Expenses:Car:Service  205.00 DKK

2023-03-31 * "Huslån - LAH" "Kontooverførsel" #spiir
  spiir-id: "638170623260180491"
  Assets:Checking:Fixed  7625.33 DKK
  Assets:Transfer  -7625.33 DKK

2023-03-31 * "Huslån - PRM" "Kontooverførsel" #spiir
  spiir-id: "638170623260180492"
  Assets:Checking:Fixed  7625.33 DKK
  Assets:Transfer  -7625.33 DKK

2023-03-31 * "Realkredit Danmark" "Boliglån/husleje" #spiir
  spiir-id: "638170623260180493"
  Assets:Checking:Fixed  -15250.62 DKK
  Expenses:House:Mortgage  15250.62 DKK

2023-03-31 * "EasyPark A/S" "Parkering" #spiir
  spiir-id: "638170624362877392"
  Assets:Checking:Dagligvarer  -32.20 DKK
  Expenses:Car:Parking  32.20 DKK

2023-03-31 * "downtowndk" "Bar, cafe & restaurant" #spiir
  spiir-id: "638170624362877394"
  Assets:Checking:Dagligvarer  -205.75 DKK
  Expenses:Food:Restaurant  205.75 DKK

2023-03-31 * "downtowndk" "Bar, cafe & restaurant" #spiir
  spiir-id: "638170624362877395"
  Assets:Checking:Dagligvarer  -207.00 DKK
  Expenses:Food:Restaurant  207.00 DKK

2023-04-01 * "Lønoverførsel" "Løn" #spiir
  spiir-id: "638170622116421646"
  Assets:Checking:Primary  41049.33 DKK
  Income:Salary  -41049.33 DKK

2023-04-03 * "Tandforsikring - PRM" "Kontooverførsel" #spiir
  spiir-id: "638170622116421632"
  Assets:Checking:Primary  -60.00 DKK
  Assets:Transfer  60.00 DKK

2023-04-03 * "Spotify" "Kontooverførsel" #spiir
  spiir-id: "638170622116421633"
  Assets:Checking:Primary  -97.00 DKK
  Assets:Transfer  97.00 DKK

2023-04-03 * "Bilforsikr, afgift - PRM" "Kontooverførsel" #spiir
  spiir-id: "638170622116421634"
  Assets:Checking:Primary  -250.00 DKK
  Assets:Transfer  250.00 DKK

2023-04-03 * "Hus, indboforsikr - PRM" "Kontooverførsel" #spiir
  spiir-id: "638170622116421635"
  Assets:Checking:Primary  -347.00 DKK
  Assets:Transfer  347.00 DKK

2023-04-03 * "El, vand og varme - PRM" "Kontooverførsel" #spiir
  spiir-id: "638170622116421636"
  Assets:Checking:Primary  -1084.00 DKK
  Assets:Transfer  1084.00 DKK

2023-04-03 * "Ejendommensskat - PRM" "Kontooverførsel" #spiir
  spiir-id: "638170622116421637"
  Assets:Checking:Primary  -1224.50 DKK
  Assets:Transfer  1224.50 DKK

2023-04-03 * "Vuggestue - PRM" "Kontooverførsel" #spiir
  spiir-id: "638170622116421638"
  Assets:Checking:Primary  -2010.50 DKK
  Assets:Transfer  2010.50 DKK

2023-04-03 * "Dagligvarer - PRM" "Kontooverførsel" #spiir
  spiir-id: "638170622116421639"
  Assets:Checking:Primary  -3500.00 DKK
  Assets:Transfer  3500.00 DKK

2023-04-03 * "iCloud Fastefæll.udgifte" "Kontooverførsel" #spiir
  spiir-id: "638170622116421640"
  Assets:Checking:Primary  69.00 DKK
  Assets:Transfer  -69.00 DKK

2023-04-03 * "Boulders.dk" "Sport & fritid" #spiir
  spiir-id: "638170622116421641"
  Assets:Checking:Primary  -199.50 DKK
  Expenses:Entertainment:Sports  199.50 DKK

2023-04-03 * "hiper.dk" "Telefoni & internet" #spiir
  spiir-id: "638170622116421642"
  Assets:Checking:Primary  -269.00 DKK
  Expenses:Subscriptions:Telecom  269.00 DKK

2023-04-03 * "3 Danmark Koebenhavn SV" "Telefoni & internet" #spiir
  spiir-id: "638170622116421643"
  Assets:Checking:Primary  -160.55 DKK
  Expenses:Subscriptions:Telecom  160.55 DKK

2023-04-03 * "Tandforsikring - LAH" "Kontooverførsel" #spiir
  spiir-id: "638170623260180475"
  Assets:Checking:Fixed  60.00 DKK
  Assets:Transfer  -60.00 DKK

2023-04-03 * "Spotify" "Kontooverførsel" #spiir
  spiir-id: "638170623260180476"
  Assets:Checking:Fixed  97.00 DKK
  Assets:Transfer  -97.00 DKK

2023-04-03 * "Bilforsikr, afgift - LAH" "Kontooverførsel" #spiir
  spiir-id: "638170623260180477"
  Assets:Checking:Fixed  250.00 DKK
  Assets:Transfer  -250.00 DKK

2023-04-03 * "Hus, indboforsikr - LAH" "Kontooverførsel" #spiir
  spiir-id: "638170623260180478"
  Assets:Checking:Fixed  347.00 DKK
  Assets:Transfer  -347.00 DKK

2023-04-03 * "El, vand og varme - LAH" "Kontooverførsel" #spiir
  spiir-id: "638170623260180479"
  Assets:Checking:Fixed  1084.00 DKK
  Assets:Transfer  -1084.00 DKK

2023-04-03 * "Ejendomsskat - LAH" "Kontooverførsel" #spiir
  spiir-id: "638170623260180480"
  Assets:Checking:Fixed  1224.50 DKK
  Assets:Transfer  -1224.50 DKK

2023-04-03 * "Vuggestue - LAH" "Kontooverførsel" #spiir
  spiir-id: "638170623260180481"
  Assets:Checking:Fixed  2010.50 DKK
  Assets:Transfer  -2010.50 DKK

2023-04-03 * "Tandforsikring - PRM" "Kontooverførsel" #spiir
  spiir-id: "638170623260180482"
  Assets:Checking:Fixed  60.00 DKK
  Assets:Transfer  -60.00 DKK

2023-04-03 * "Spotify" "Film, musik & læsestof" #spiir
  spiir-id: "638170623260180483"
  Assets:Checking:Fixed  97.00 DKK
  Expenses:Entertainment:Media  -97.00 DKK

2023-04-03 * "Bilforsikr, afgift - PRM" "Bilforsikring & autohjælp" #spiir
  spiir-id: "638170623260180484"
  Assets:Checking:Fixed  250.00 DKK
  Expenses:Car:Insurance  -250.00 DKK

2023-04-03 * "Hus, indboforsikr - PRM" "Husforsikring" #spiir
  spiir-id: "638170623260180485"
  Assets:Checking:Fixed  347.00 DKK
  Expenses:House:Insurance  -347.00 DKK

2023-04-03 * "El, vand og varme - PRM" "El, vand, varme & renovation" #spiir
  spiir-id: "638170623260180486"
  Assets:Checking:Fixed  1084.00 DKK
  Expenses:House:Heating  -1084.00 DKK

2023-04-03 * "Ejendommensskat - PRM" "Ejendomsskat" #spiir
  spiir-id: "638170623260180487"
  Assets:Checking:Fixed  1224.50 DKK
  Expenses:House:Tax  -1224.50 DKK

2023-04-03 * "Vuggestue - PRM" "Institution" #spiir
  spiir-id: "638170623260180488"
  Assets:Checking:Fixed  2010.50 DKK
  Expenses:Kids:Institution  -2010.50 DKK

2023-04-03 * "iCloud" "Kontooverførsel" #spiir
  spiir-id: "638170623260180489"
  Assets:Checking:Fixed  -69.00 DKK
  Assets:Transfer  69.00 DKK

2023-04-03 * "Tryg" "Indbo- & familieforsikring" #spiir
  spiir-id: "638170623260180490"
  Assets:Checking:Fixed  -378.52 DKK
  Expenses:House:Contents-Insurance  378.52 DKK

2023-04-03 * "Fællesudgifter" "Kontooverførsel" #spiir
  spiir-id: "638170624362877381"
  Assets:Checking:Dagligvarer  3500.00 DKK
  Assets:Transfer  -3500.00 DKK

2023-04-03 * "Dagligvarer - PRM" "Dagligvarer" #spiir
  spiir-id: "638170624362877383"
  Assets:Checking:Dagligvarer  3500.00 DKK
  Expenses:Food:Groceries  -3500.00 DKK

2023-04-03 * "Burger King Nørre" "Fastfood & takeaway" #spiir
  spiir-id: "638170624362877386"
  Assets:Checking:Dagligvarer  -25.00 DKK
  Expenses:Food:Takeaway  25.00 DKK

2023-04-03 * "Flea Kids Aps" "Tøj, sko & accessories" #spiir
  spiir-id: "638170624362877389"
  Assets:Checking:Dagligvarer  -45.00 DKK
  Expenses:Shopping:Clothing  45.00 DKK

2023-04-03 * "B@Rneloppen Aps" "Kontooverførsel" #spiir
  spiir-id: "638170624362877391"
  Assets:Checking:Dagligvarer  -60.00 DKK
  Assets:Transfer  60.00 DKK

2023-04-04 * "Toolbeer.Dk Copenhagen" "Tobak & alkohol" #spiir
  spiir-id: "638170622116421631"
  Assets:Checking:Primary  -190.00 DKK
  Expenses:Food:Alcohol  190.00 DKK

2023-04-04 * "Fs De, Scandlines De Gmbh Hamburg" "Ferieaktiviteter" #spiir
  spiir-id: "638170624362877368"
  Assets:Checking:Dagligvarer  -39.00 DKK
  Expenses:Travel:Activities  39.00 DKK

2023-04-04 * "Mcdonalds 00171 Luebeck" "Fastfood & takeaway" #spiir
  spiir-id: "638170624362877370"
  Assets:Checking:Dagligvarer  -42.39 DKK
  Expenses:Food:Takeaway  42.39 DKK

2023-04-04 * "Karls Tourismus Gmbh Ratekau" "Biograf, koncerter & forlystelser" #spiir
  spiir-id: "638170624362877373"
  Assets:Checking:Dagligvarer  -153.04 DKK
  Expenses:Entertainment:Events  153.04 DKK

2023-04-04 * "Parkman" "Parkering" #spiir
  spiir-id: "638170624362877374"
  Assets:Checking:Dagligvarer  -112.65 DKK
  Expenses:Car:Parking  112.65 DKK

2023-04-04 * "Karls Markt Ohg Ratekau" "Dagligvarer" #spiir
  spiir-id: "638170624362877375"
  Assets:Checking:Dagligvarer  -228.30 DKK
  Expenses:Food:Groceries  228.30 DKK

2023-04-04 * "Parkautomaten Hambur" "Parkering" #spiir
  spiir-id: "638170624362877376"
  Assets:Checking:Dagligvarer  -29.65 DKK
  Expenses:Car:Parking  29.65 DKK

2023-04-04 * "Go On Nr. Alsle" "Brændstof" #spiir
  spiir-id: "638170624362877379"
  Assets:Checking:Dagligvarer  -200.16 DKK
  Expenses:Car:Gas  200.16 DKK

2023-04-05 * "elbgold Rostkaffee Hamburg" "Bar, cafe & restaurant" #spiir
  spiir-id: "638170622116421630"
  Assets:Checking:Primary  -147.53 DKK
  Expenses:Food:Restaurant  147.53 DKK

2023-04-05 * "Schneeweiss + Ros Goslar" "Bar, cafe & restaurant" #spiir
  spiir-id: "638170624362877367"
  Assets:Checking:Dagligvarer  -333.81 DKK
  Expenses:Food:Restaurant  333.81 DKK

2023-04-11 * "Hvidovre kommune" "Institution" #spiir
  spiir-id: "638170623260180473"
  Assets:Checking:Fixed  -4021.00 DKK
  Expenses:Kids:Institution  4021.00 DKK

2023-04-11 * "Evida Service Nord A/S" "El, vand, varme & renovation" #spiir
  spiir-id: "638170623260180474"
  Assets:Checking:Fixed  -2004.98 DKK
  Expenses:House:Heating  2004.98 DKK

2023-04-11 * "Kvickly Hvidovre" "Dagligvarer" #spiir
  spiir-id: "638170624362877348"
  Assets:Checking:Dagligvarer  -428.22 DKK
  Expenses:Food:Groceries  428.22 DKK

2023-04-11 * "Pompei Ribe ApS" "Kiosk, bager & specialbutikker" #spiir
  spiir-id: "638170624362877349"
  Assets:Checking:Dagligvarer  -54.00 DKK
  Expenses:Food:Kiosk  54.00 DKK

2023-04-11 * "Pompei Ribe ApS" "Kiosk, bager & specialbutikker" #spiir
  spiir-id: "638170624362877350"
  Assets:Checking:Dagligvarer  -89.00 DKK
  Expenses:Food:Kiosk  89.00 DKK

2023-04-11 * "Espresso House7157" "Bar, cafe & restaurant" #spiir
  spiir-id: "638170624362877351"
  Assets:Checking:Dagligvarer  -41.00 DKK
  Expenses:Food:Restaurant  41.00 DKK

2023-04-11 * "Frellsen Chokolade" "Kiosk, bager & specialbutikker" #spiir
  spiir-id: "638170624362877352"
  Assets:Checking:Dagligvarer  -40.00 DKK
  Expenses:Food:Kiosk  40.00 DKK

2023-04-11 * "UZR*Eis-Cafe Venezia" "Bar, cafe & restaurant" #spiir
  spiir-id: "638170624362877353"
  Assets:Checking:Dagligvarer  -48.44 DKK
  Expenses:Food:Restaurant  48.44 DKK

2023-04-11 * "Kloster Woeltingerod" "Ferieaktiviteter" #spiir
  spiir-id: "638170624362877354"
  Assets:Checking:Dagligvarer  -244.45 DKK
  Expenses:Travel:Activities  244.45 DKK

2023-04-11 * "EDEKA Lange" "Dagligvarer" #spiir
  spiir-id: "638170624362877357"
  Assets:Checking:Dagligvarer  -145.31 DKK
  Expenses:Food:Groceries  145.31 DKK

2023-04-11 * "Brauhaus L\\\\dde" "Bar, cafe & restaurant" #spiir
  spiir-id: "638170624362877359"
  Assets:Checking:Dagligvarer  -390.49 DKK
  Expenses:Food:Restaurant  390.49 DKK

2023-04-11 * "Torben Krone e.K" "Dagligvarer" #spiir
  spiir-id: "638170624362877360"
  Assets:Checking:Dagligvarer  -209.75 DKK
  Expenses:Food:Groceries  209.75 DKK

2023-04-11 * "Meisterbäckerei Stei" "Kiosk, bager & specialbutikker" #spiir
  spiir-id: "638170624362877362"
  Assets:Checking:Dagligvarer  -67.43 DKK
  Expenses:Food:Kiosk  67.43 DKK

2023-04-11 * "Monis Runge" "Bar, cafe & restaurant" #spiir
  spiir-id: "638170624362877364"
  Assets:Checking:Dagligvarer  -353.94 DKK
  Expenses:Food:Restaurant  353.94 DKK

2023-04-11 * "downtowndk" "Bar, cafe & restaurant" #spiir
  spiir-id: "638170624362877365"
  Assets:Checking:Dagligvarer  -457.75 DKK
  Expenses:Food:Restaurant  457.75 DKK

2023-04-12 * "charge" "Bankgebyrer" #spiir
  spiir-id: "638170624362877337"
  Assets:Checking:Dagligvarer  -134.50 DKK
  Expenses:Bank:Fees  134.50 DKK

2023-04-12 * "Det Gyldne Brød Ap" "Kiosk, bager & specialbutikker" #spiir
  spiir-id: "638170624362877338"
  Assets:Checking:Dagligvarer  -27.00 DKK
  Expenses:Food:Kiosk  27.00 DKK

2023-04-12 * "Brobizz.Com Kopenhavn V" "Bus, tog, færge o.l." #spiir
  spiir-id: "638170624362877339"
  Assets:Checking:Dagligvarer  -192.00 DKK
  Expenses:Transport:Public  192.00 DKK

2023-04-12 * "Q8 Korsoer Korsoer" "Brændstof" #spiir
  spiir-id: "638170624362877340"
  Assets:Checking:Dagligvarer  -5.00 DKK
  Expenses:Car:Gas  5.00 DKK

2023-04-12 * "JET-Tankstelle Hamburg" "Brændstof" #spiir
  spiir-id: "638170624362877341"
  Assets:Checking:Dagligvarer  -359.84 DKK
  Expenses:Car:Gas  359.84 DKK

2023-04-12 * "Suehl's Harzspezialitaete Goslar" "Dagligvarer" #spiir
  spiir-id: "638170624362877342"
  Assets:Checking:Dagligvarer  -111.65 DKK
  Expenses:Food:Groceries  111.65 DKK

2023-04-12 * "Rastst. Lueneburger Heide Bisping" "Ferieaktiviteter" #spiir
  spiir-id: "638170624362877343"
  Assets:Checking:Dagligvarer  -59.55 DKK
  Expenses:Travel:Activities  59.55 DKK

2023-04-12 * "Mongolian Barbecue Ribe A Ribe" "Bar, cafe & restaurant" #spiir
  spiir-id: "638170624362877344"
  Assets:Checking:Dagligvarer  -294.00 DKK
  Expenses:Food:Restaurant  294.00 DKK

2023-04-12 * "Rossmann 286 Wernigerode" "Apotek & medicin" #spiir
  spiir-id: "638170624362877345"
  Assets:Checking:Dagligvarer  -173.57 DKK
  Expenses:Health:Pharmacy  173.57 DKK

2023-04-12 * "Shell Obn3461 Wernigerode" "Brændstof" #spiir
  spiir-id: "638170624362877346"
  Assets:Checking:Dagligvarer  -658.94 DKK
  Expenses:Car:Gas  658.94 DKK

2023-04-12 * "Classic Tankstelle Flensb Flensbu" "Brændstof" #spiir
  spiir-id: "638170624362877347"
  Assets:Checking:Dagligvarer  -246.74 DKK
  Expenses:Car:Gas  246.74 DKK

2023-04-13 * "Til Dagligvarer" "Kontooverførsel" #spiir
  spiir-id: "638170622116421629"
  Assets:Checking:Primary  -1000.00 DKK
  Assets:Transfer  1000.00 DKK

2023-04-13 * "Til Dagligvarer" "Kontooverførsel" #spiir
  spiir-id: "638170624362877334"
  Assets:Checking:Dagligvarer  1000.00 DKK
  Assets:Transfer  -1000.00 DKK

2023-04-13 * "Fra Lee Ann Hollesen" "Dagligvarer" #spiir
  spiir-id: "638170624362877335"
  Assets:Checking:Dagligvarer  1000.00 DKK
  Expenses:Food:Groceries  -1000.00 DKK

2023-04-13 * "Føtex" "Dagligvarer" #spiir
  spiir-id: "638170624362877336"
  Assets:Checking:Dagligvarer  -402.00 DKK
  Expenses:Food:Groceries  402.00 DKK

2023-04-14 * "Google Nest g.co/helppayÆ" "Alarmsystem" #spiir
  spiir-id: "638170624362877331"
  Assets:Checking:Dagligvarer  -40.00 DKK
  Expenses:House:Alarm  40.00 DKK

2023-04-14 * "Maja Blume" "" #spiir
  spiir-id: "638170624362877332"
  Assets:Checking:Dagligvarer  -1000.00 DKK
  Expenses:Uncategorized  1000.00 DKK

2023-04-14 * "EasyPark A/S" "Parkering" #spiir
  spiir-id: "638170624362877333"
  Assets:Checking:Dagligvarer  -42.44 DKK
  Expenses:Car:Parking  42.44 DKK

2023-04-14 * "Meny" "Dagligvarer" #spiir
  spiir-id: "638171414552329290"
  Assets:Checking:Dagligvarer  -48.00 DKK
  Expenses:Food:Groceries  48.00 DKK

2023-04-15 * "MobilePay Christina Jensen" "Ferieaktiviteter" #spiir
  spiir-id: "638172276313747355"
  Assets:Checking:Dagligvarer  -175.00 DKK
  Expenses:Travel:Activities  175.00 DKK

2023-04-17 * "Zoologisk Have i K" "Biograf, koncerter & forlystelser" #spiir
  spiir-id: "638173162912697077"
  Assets:Checking:Primary  -40.00 DKK
  Expenses:Entertainment:Events  40.00 DKK

2023-04-17 * "Parkman" "Parkering" #spiir
  spiir-id: "638173164561644627"
  Assets:Checking:Dagligvarer  -38.84 DKK
  Expenses:Car:Parking  38.84 DKK

2023-04-17 * "F@Tex Hvidovrev" "Dagligvarer" #spiir
  spiir-id: "638173164561644628"
  Assets:Checking:Dagligvarer  -328.15 DKK
  Expenses:Food:Groceries  328.15 DKK

2023-04-17 * "EasyPark A/S" "Parkering" #spiir
  spiir-id: "638173164561845093"
  Assets:Checking:Dagligvarer  -19.00 DKK
  Expenses:Car:Parking  19.00 DKK

2023-04-17 * "Zoologisk Have i K" "Biograf, koncerter & forlystelser" #spiir
  spiir-id: "638173164561845094"
  Assets:Checking:Dagligvarer  -128.00 DKK
  Expenses:Entertainment:Events  128.00 DKK

2023-04-17 * "Netto Hvidovrevej" "Dagligvarer" #spiir
  spiir-id: "638173164561845095"
  Assets:Checking:Dagligvarer  -49.90 DKK
  Expenses:Food:Groceries  49.90 DKK

2023-04-17 * "Roskilde Stations Ap" "Bus, tog, færge o.l." #spiir
  spiir-id: "638173164561845096"
  Assets:Checking:Dagligvarer  -53.85 DKK
  Expenses:Transport:Public  53.85 DKK

2023-04-17 * "Netto Hvidovrevej" "Dagligvarer" #spiir
  spiir-id: "638174011303726535"
  Assets:Checking:Dagligvarer  -230.60 DKK
  Expenses:Food:Groceries  230.60 DKK

2023-04-18 * "Andersen & Mailla Kobenha" "Bar, cafe & restaurant" #spiir
  spiir-id: "638174009631212062"
  Assets:Checking:Primary  -66.00 DKK
  Expenses:Food:Restaurant  66.00 DKK

2023-04-19 * "Zoologisk Have I Koebenha Frederi" "Biograf, koncerter & forlystelser" #spiir
  spiir-id: "638174927285466317"
  Assets:Checking:Dagligvarer  -90.00 DKK
  Expenses:Entertainment:Events  90.00 DKK

2023-04-19 * "Ume Asian Supermarke" "Dagligvarer" #spiir
  spiir-id: "638174927285466318"
  Assets:Checking:Dagligvarer  -101.75 DKK
  Expenses:Food:Groceries  101.75 DKK

2023-04-19 * "SILVAN 638 Taarnby" "Ombygning & vedligehold" #spiir
  spiir-id: "638174927285466319"
  Assets:Checking:Dagligvarer  -69.95 DKK
  Expenses:House:Renovation  69.95 DKK

2023-04-19 * "OK Koebenhavn S Taar" "Brændstof" #spiir
  spiir-id: "638174927285466320"
  Assets:Checking:Dagligvarer  -79.00 DKK
  Expenses:Car:Gas  79.00 DKK

2023-04-19 * "Harald Nyborg Taarnb" "Ombygning & vedligehold" #spiir
  spiir-id: "638174927285466321"
  Assets:Checking:Dagligvarer  -218.00 DKK
  Expenses:House:Renovation  218.00 DKK

2023-04-19 * "Fra Lee Ann Hollesen" "Dagligvarer" #spiir
  spiir-id: "638175793212170020"
  Assets:Checking:Dagligvarer  1000.00 DKK
  Expenses:Food:Groceries  -1000.00 DKK

2023-04-20 * "MobilePay Lee Ann Hollesen" "Hobby & sportsudstyr" #spiir
  spiir-id: "638175791293083227"
  Assets:Checking:Primary  2150.00 DKK
  Expenses:Shopping:Sports  -2150.00 DKK

2023-04-20 * "Børnepenge - PRM" "Kontooverførsel" #spiir
  spiir-id: "638175791293083228"
  Assets:Checking:Primary  -2327.00 DKK
  Assets:Transfer  2327.00 DKK

2023-04-20 * "Børne- og Ungeydelse" "Børnepenge" #spiir
  spiir-id: "638175791293083229"
  Assets:Checking:Primary  4746.00 DKK
  Income:ChildBenefit  -4746.00 DKK

2023-04-20 * "Børnepenge - LAH" "Kontooverførsel" #spiir
  spiir-id: "638175792530442471"
  Assets:Checking:Fixed  2327.00 DKK
  Assets:Transfer  -2327.00 DKK

2023-04-20 * "Børnepenge - PRM" "Kontooverførsel" #spiir
  spiir-id: "638175792530442472"
  Assets:Checking:Fixed  2327.00 DKK
  Assets:Transfer  -2327.00 DKK

2023-04-20 * "Netto" "Dagligvarer" #spiir
  spiir-id: "638175793212170015"
  Assets:Checking:Dagligvarer  -236.00 DKK
  Expenses:Food:Groceries  236.00 DKK

2023-04-20 * "Vietnam supermarket" "Dagligvarer" #spiir
  spiir-id: "638175793212170016"
  Assets:Checking:Dagligvarer  -308.00 DKK
  Expenses:Food:Groceries  308.00 DKK

2023-04-20 * "Netto" "Dagligvarer" #spiir
  spiir-id: "638175793212170017"
  Assets:Checking:Dagligvarer  -226.00 DKK
  Expenses:Food:Groceries  226.00 DKK

2023-04-20 * "Apple.Com/Bill" "Online services & software" #spiir
  spiir-id: "638175793212170018"
  Assets:Checking:Dagligvarer  -69.00 DKK
  Expenses:Subscriptions:Software  69.00 DKK

2023-04-20 * "bygmax.dk" "Ombygning & vedligehold" #spiir
  spiir-id: "638175793212170019"
  Assets:Checking:Dagligvarer  -208.00 DKK
  Expenses:House:Renovation  208.00 DKK

2023-04-20 * "Til Dagligvarer" "Kontooverførsel" #spiir
  spiir-id: "638176598397163528"
  Assets:Checking:Primary  -2000.00 DKK
  Assets:Transfer  2000.00 DKK

2023-04-20 * "Fra Lee Ann Hollesen" "Dagligvarer" #spiir
  spiir-id: "638176599541542860"
  Assets:Checking:Dagligvarer  1000.00 DKK
  Expenses:Food:Groceries  -1000.00 DKK

2023-04-20 * "Til Dagligvarer" "Kontooverførsel" #spiir
  spiir-id: "638176599541542861"
  Assets:Checking:Dagligvarer  2000.00 DKK
  Assets:Transfer  -2000.00 DKK

2023-04-21 * "tipster.dk 493-4" "Bar, cafe & restaurant" #spiir
  spiir-id: "638177495913689076"
  Assets:Checking:Primary  -150.00 DKK
  Expenses:Food:Restaurant  150.00 DKK

2023-04-21 * "Esso tank HH" "Brændstof" #spiir
  spiir-id: "638177496841524774"
  Assets:Checking:Dagligvarer  -536.00 DKK
  Expenses:Car:Gas  536.00 DKK

2023-04-21 * "Netto" "Dagligvarer" #spiir
  spiir-id: "638177496841524775"
  Assets:Checking:Dagligvarer  -157.00 DKK
  Expenses:Food:Groceries  157.00 DKK

2023-04-21 * "Isofix base" "Babyudstyr" #spiir
  spiir-id: "638177496841524776"
  Assets:Checking:Dagligvarer  -1000.00 DKK
  Expenses:Kids:Baby  1000.00 DKK

2023-04-21 * "Børneloppen" "Tøj, sko & accessories" #spiir
  spiir-id: "638177496841524777"
  Assets:Checking:Dagligvarer  -100.00 DKK
  Expenses:Shopping:Clothing  100.00 DKK

2023-04-21 * "Shell" "Brændstof" #spiir
  spiir-id: "638177496841524778"
  Assets:Checking:Dagligvarer  -200.00 DKK
  Expenses:Car:Gas  200.00 DKK

2023-04-21 * "Thansen" "Værksted & reservedele" #spiir
  spiir-id: "638177496841524779"
  Assets:Checking:Dagligvarer  -648.00 DKK
  Expenses:Car:Service  648.00 DKK

2023-04-21 * "Esso tank HH" "Brændstof" #spiir
  spiir-id: "638180080672634282"
  Assets:Checking:Dagligvarer  -536.00 DKK
  Expenses:Car:Gas  536.00 DKK

2023-04-21 * "Netto" "Dagligvarer" #spiir
  spiir-id: "638180080672634283"
  Assets:Checking:Dagligvarer  -157.00 DKK
  Expenses:Food:Groceries  157.00 DKK

2023-04-21 * "Isofix base" "Babyudstyr" #spiir
  spiir-id: "638180080672634284"
  Assets:Checking:Dagligvarer  -1000.00 DKK
  Expenses:Kids:Baby  1000.00 DKK

2023-04-21 * "Børneloppen" "Tøj, sko & accessories" #spiir
  spiir-id: "638180080672634285"
  Assets:Checking:Dagligvarer  -100.00 DKK
  Expenses:Shopping:Clothing  100.00 DKK

2023-04-21 * "Shell" "Brændstof" #spiir
  spiir-id: "638180080672634286"
  Assets:Checking:Dagligvarer  -200.00 DKK
  Expenses:Car:Gas  200.00 DKK

2023-04-21 * "Thansen" "Værksted & reservedele" #spiir
  spiir-id: "638180080672634287"
  Assets:Checking:Dagligvarer  -648.00 DKK
  Expenses:Car:Service  648.00 DKK

2023-04-23 * "Til Dagligvarer" "Kontooverførsel" #spiir
  spiir-id: "638178480607116448"
  Assets:Checking:Primary  -1500.00 DKK
  Assets:Transfer  1500.00 DKK

2023-04-23 * "Fra Lee Ann Hollesen" "Kontooverførsel" #spiir
  spiir-id: "638178480782089759"
  Assets:Checking:Dagligvarer  1500.00 DKK
  Assets:Transfer  -1500.00 DKK

2023-04-23 * "Til Dagligvarer" "Kontooverførsel" #spiir
  spiir-id: "638178480782089760"
  Assets:Checking:Dagligvarer  1500.00 DKK
  Assets:Transfer  -1500.00 DKK

2023-04-23 * "MobilePay Pernille Livbjerg" "Gaver & velgørenhed" #spiir
  spiir-id: "638179250137093778"
  Assets:Checking:Primary  -200.00 DKK
  Expenses:Gifts  200.00 DKK

2023-04-23 * "Til Dagligvarer" "Kontooverførsel" #spiir
  spiir-id: "638179250137093781"
  Assets:Checking:Primary  -1000.00 DKK
  Assets:Transfer  1000.00 DKK

2023-04-23 * "Karls mad" "Ferieaktiviteter" #spiir
  spiir-id: "638179252247934790"
  Assets:Checking:Dagligvarer  -300.00 DKK
  Expenses:Travel:Activities  300.00 DKK

2023-04-23 * "Hotels.com Harz" "Fly & Hotel" #spiir
  spiir-id: "638179252247934791"
  Assets:Checking:Dagligvarer  -1651.00 DKK
  Expenses:Travel:Transport  1651.00 DKK

2023-04-23 * "Fra Primary" "Kontooverførsel" #spiir
  spiir-id: "638179252247934792"
  Assets:Checking:Dagligvarer  1000.00 DKK
  Assets:Transfer  -1000.00 DKK

2023-04-23 * "Flammkuchen" "Ferieaktiviteter" #spiir
  spiir-id: "638179252247934793"
  Assets:Checking:Dagligvarer  -224.00 DKK
  Expenses:Travel:Activities  224.00 DKK

2023-04-23 * "Kvickly" "Dagligvarer" #spiir
  spiir-id: "638179252247934794"
  Assets:Checking:Dagligvarer  -206.00 DKK
  Expenses:Food:Groceries  206.00 DKK

2023-04-23 * "Fartbøde" "Kontooverførsel" #spiir
  spiir-id: "638179252247934795"
  Assets:Checking:Dagligvarer  1000.00 DKK
  Assets:Transfer  -1000.00 DKK

2023-04-24 * "Kvickly" "Dagligvarer" #spiir
  spiir-id: "638179252247934787"
  Assets:Checking:Dagligvarer  -224.00 DKK
  Expenses:Food:Groceries  224.00 DKK

2023-04-24 * "Fartbøde" "Bøder & afgifter" #spiir
  spiir-id: "638179252247934788"
  Assets:Checking:Dagligvarer  -1800.00 DKK
  Expenses:Tax:Fines  1800.00 DKK

2023-04-24 * "Netto Vigerslevvej" "Dagligvarer" #spiir
  spiir-id: "638179252247934789"
  Assets:Checking:Dagligvarer  -439.00 DKK
  Expenses:Food:Groceries  439.00 DKK

2023-04-25 * "Woocycle.Com Frankfurt Am" "Anden transport" #spiir
  spiir-id: "638184850252247082"
  Assets:Checking:Dagligvarer  -139.00 DKK
  Expenses:Transport:Other  139.00 DKK

2023-04-26 * "Hotel Flor Los Almendros Peguera" "Fly & Hotel" #spiir
  spiir-id: "638184850068451740"
  Assets:Checking:Primary  -2584.47 DKK
  Expenses:Travel:Transport  2584.47 DKK

2023-04-26 * "Airbnb Hmer4k9nhe 458-988-2000" "Fly & Hotel" #spiir
  spiir-id: "638184850068451741"
  Assets:Checking:Primary  -964.36 DKK
  Expenses:Travel:Transport  964.36 DKK

2023-04-26 * "Lidl" "Dagligvarer" #spiir
  spiir-id: "638184850252247076"
  Assets:Checking:Dagligvarer  -59.95 DKK
  Expenses:Food:Groceries  59.95 DKK

2023-04-26 * "Kvickly Hvidovre" "Dagligvarer" #spiir
  spiir-id: "638184850252247077"
  Assets:Checking:Dagligvarer  -19.95 DKK
  Expenses:Food:Groceries  19.95 DKK

2023-04-26 * "Netto Hvidovrevej" "Dagligvarer" #spiir
  spiir-id: "638184850252247078"
  Assets:Checking:Dagligvarer  -248.85 DKK
  Expenses:Food:Groceries  248.85 DKK

2023-04-26 * "Ume Asian Supermarke" "Dagligvarer" #spiir
  spiir-id: "638184850252247079"
  Assets:Checking:Dagligvarer  -105.70 DKK
  Expenses:Food:Groceries  105.70 DKK

2023-04-26 * "Kft Jylland-KBH" "Dagligvarer" #spiir
  spiir-id: "638184850252247080"
  Assets:Checking:Dagligvarer  -158.84 DKK
  Expenses:Food:Groceries  158.84 DKK

2023-04-26 * "FDB Superbrugsen" "Dagligvarer" #spiir
  spiir-id: "638184850252247081"
  Assets:Checking:Dagligvarer  -249.64 DKK
  Expenses:Food:Groceries  249.64 DKK

2023-04-27 * "Toolbeer.Dk Copenhagen" "Tobak & alkohol" #spiir
  spiir-id: "638184850068451739"
  Assets:Checking:Primary  140.00 DKK
  Expenses:Food:Alcohol  -140.00 DKK

2023-04-27 * "MobilePay" "" #spiir
  spiir-id: "638184850252247075"
  Assets:Checking:Dagligvarer  -360.00 DKK
  Expenses:Uncategorized  360.00 DKK

2023-04-28 * "fribikeshop.dk" "Anden transport" #spiir
  spiir-id: "638184850068451732"
  Assets:Checking:Primary  -118.00 DKK
  Expenses:Transport:Other  118.00 DKK

2023-04-28 * "Til Dagligvarer" "Kontooverførsel" #spiir
  spiir-id: "638184850068451733"
  Assets:Checking:Primary  -1000.00 DKK
  Assets:Transfer  1000.00 DKK

2023-04-28 * "Peders" "Bar, cafe & restaurant" #spiir
  spiir-id: "638184850068451734"
  Assets:Checking:Primary  -87.00 DKK
  Expenses:Food:Restaurant  87.00 DKK

2023-04-28 * "R-Bakery Hvidovre" "Kiosk, bager & specialbutikker" #spiir
  spiir-id: "638184850068451735"
  Assets:Checking:Primary  -118.00 DKK
  Expenses:Food:Kiosk  118.00 DKK

2023-04-28 * "Huslån - PRM" "Kontooverførsel" #spiir
  spiir-id: "638184850068451736"
  Assets:Checking:Primary  -7625.33 DKK
  Assets:Transfer  7625.33 DKK

2023-04-28 * "Nedbetaling huslån - PRM" "Kontooverførsel" #spiir
  spiir-id: "638184850068451737"
  Assets:Checking:Primary  -7625.33 DKK
  Assets:Transfer  7625.33 DKK

2023-04-28 * "Realkredit Danmark" "Boliglån/husleje" #spiir
  spiir-id: "638184850168332027"
  Assets:Checking:Fixed  -15241.06 DKK
  Expenses:House:Mortgage  15241.06 DKK

2023-04-28 * "Huslån - LAH" "Kontooverførsel" #spiir
  spiir-id: "638184850168332028"
  Assets:Checking:Fixed  7625.33 DKK
  Assets:Transfer  -7625.33 DKK

2023-04-28 * "Huslån - PRM" "Kontooverførsel" #spiir
  spiir-id: "638184850168332029"
  Assets:Checking:Fixed  7625.33 DKK
  Assets:Transfer  -7625.33 DKK

2023-04-28 * "Til Dagligvarer" "Kontooverførsel" #spiir
  spiir-id: "638184850252247071"
  Assets:Checking:Dagligvarer  1000.00 DKK
  Assets:Transfer  -1000.00 DKK

2023-04-28 * "Peders" "Bar, cafe & restaurant" #spiir
  spiir-id: "638184850252247072"
  Assets:Checking:Dagligvarer  -87.00 DKK
  Expenses:Food:Restaurant  87.00 DKK

2023-04-28 * "Ingo benzin" "Brændstof" #spiir
  spiir-id: "638184850252247073"
  Assets:Checking:Dagligvarer  -502.00 DKK
  Expenses:Car:Gas  502.00 DKK

2023-04-28 * "Fra Lee Ann Hollesen" "Dagligvarer" #spiir
  spiir-id: "638184850252247074"
  Assets:Checking:Dagligvarer  1000.00 DKK
  Expenses:Food:Groceries  -1000.00 DKK

2023-05-01 * "Lønoverførsel" "Løn" #spiir
  spiir-id: "638184850068451738"
  Assets:Checking:Primary  41049.33 DKK
  Income:Salary  -41049.33 DKK

2023-05-01 * "Tandforsikring - PRM" "Sundheds- & sygeforsikring" #spiir
  spiir-id: "638185344162369189"
  Assets:Checking:Primary  -60.00 DKK
  Expenses:Insurance:Health  60.00 DKK

2023-05-01 * "Spotify" "Online services & software" #spiir
  spiir-id: "638185344162369190"
  Assets:Checking:Primary  -97.00 DKK
  Expenses:Subscriptions:Software  97.00 DKK

2023-05-01 * "Bilforsikr, afgift - PRM" "Bilforsikring & autohjælp" #spiir
  spiir-id: "638185344162369191"
  Assets:Checking:Primary  -250.00 DKK
  Expenses:Car:Insurance  250.00 DKK

2023-05-01 * "Hus, indboforsikr - PRM" "Indbo- & familieforsikring" #spiir
  spiir-id: "638185344162369192"
  Assets:Checking:Primary  -347.00 DKK
  Expenses:House:Contents-Insurance  347.00 DKK

2023-05-01 * "Ulykkesforsikring" "Livs- & ulykkesforsikring" #spiir
  spiir-id: "638185344162369193"
  Assets:Checking:Primary  -539.50 DKK
  Expenses:Insurance:Life  539.50 DKK

2023-05-01 * "El, vand og varme - PRM" "El, vand, varme & renovation" #spiir
  spiir-id: "638185344162369194"
  Assets:Checking:Primary  -1084.00 DKK
  Expenses:House:Heating  1084.00 DKK

2023-05-01 * "Ejendommensskat - PRM" "Ejendomsskat" #spiir
  spiir-id: "638185344162369195"
  Assets:Checking:Primary  -1224.50 DKK
  Expenses:House:Tax  1224.50 DKK

2023-05-01 * "Vuggestue - PRM" "Institution" #spiir
  spiir-id: "638185344162369196"
  Assets:Checking:Primary  -2010.50 DKK
  Expenses:Kids:Institution  2010.50 DKK

2023-05-01 * "Dagligvarer - PRM" "Dagligvarer" #spiir
  spiir-id: "638185344162369197"
  Assets:Checking:Primary  -3500.00 DKK
  Expenses:Food:Groceries  3500.00 DKK

2023-05-01 * "iCloud Fastefæll.udgifte" "Online services & software" #spiir
  spiir-id: "638185344162369198"
  Assets:Checking:Primary  69.00 DKK
  Expenses:Subscriptions:Software  -69.00 DKK

2023-05-01 * "3 Danmark Koebenhavn SV" "Telefoni & internet" #spiir
  spiir-id: "638185344162369199"
  Assets:Checking:Primary  -189.92 DKK
  Expenses:Subscriptions:Telecom  189.92 DKK

2023-05-01 * "Tandforsikring - LAH" "" #spiir
  spiir-id: "638185344948763375"
  Assets:Checking:Fixed  60.00 DKK
  Expenses:Uncategorized  -60.00 DKK

2023-05-01 * "Spotify" "" #spiir
  spiir-id: "638185344948763376"
  Assets:Checking:Fixed  97.00 DKK
  Expenses:Uncategorized  -97.00 DKK

2023-05-01 * "Bilforsikr, afgift - LAH" "" #spiir
  spiir-id: "638185344948763377"
  Assets:Checking:Fixed  250.00 DKK
  Expenses:Uncategorized  -250.00 DKK

2023-05-01 * "Hus, indboforsikr - LAH" "" #spiir
  spiir-id: "638185344948763378"
  Assets:Checking:Fixed  347.00 DKK
  Expenses:Uncategorized  -347.00 DKK

2023-05-01 * "El, vand og varme - LAH" "" #spiir
  spiir-id: "638185344948763379"
  Assets:Checking:Fixed  1084.00 DKK
  Expenses:Uncategorized  -1084.00 DKK

2023-05-01 * "Ejendomsskat - LAH" "" #spiir
  spiir-id: "638185344949063916"
  Assets:Checking:Fixed  1224.50 DKK
  Expenses:Uncategorized  -1224.50 DKK

2023-05-01 * "Vuggestue - LAH" "" #spiir
  spiir-id: "638185344949063917"
  Assets:Checking:Fixed  2010.50 DKK
  Expenses:Uncategorized  -2010.50 DKK

2023-05-01 * "Tandforsikring - PRM" "Sundheds- & sygeforsikring" #spiir
  spiir-id: "638185344949063918"
  Assets:Checking:Fixed  60.00 DKK
  Expenses:Insurance:Health  -60.00 DKK

2023-05-01 * "Spotify" "Film, musik & læsestof" #spiir
  spiir-id: "638185344949063919"
  Assets:Checking:Fixed  97.00 DKK
  Expenses:Entertainment:Media  -97.00 DKK

2023-05-01 * "Bilforsikr, afgift - PRM" "Bilforsikring & autohjælp" #spiir
  spiir-id: "638185344949365488"
  Assets:Checking:Fixed  250.00 DKK
  Expenses:Car:Insurance  -250.00 DKK

2023-05-01 * "Hus, indboforsikr - PRM" "Husforsikring" #spiir
  spiir-id: "638185344949365489"
  Assets:Checking:Fixed  347.00 DKK
  Expenses:House:Insurance  -347.00 DKK

2023-05-01 * "Ulykkesforsikring - PRM" "" #spiir
  spiir-id: "638185344949365490"
  Assets:Checking:Fixed  539.50 DKK
  Expenses:Uncategorized  -539.50 DKK

2023-05-01 * "El, vand og varme - PRM" "El, vand, varme & renovation" #spiir
  spiir-id: "638185344949365491"
  Assets:Checking:Fixed  1084.00 DKK
  Expenses:House:Heating  -1084.00 DKK

2023-05-01 * "Ejendommensskat - PRM" "Ejendomsskat" #spiir
  spiir-id: "638185344949365492"
  Assets:Checking:Fixed  1224.50 DKK
  Expenses:House:Tax  -1224.50 DKK

2023-05-01 * "Vuggestue - PRM" "Institution" #spiir
  spiir-id: "638185344949365493"
  Assets:Checking:Fixed  2010.50 DKK
  Expenses:Kids:Institution  -2010.50 DKK

2023-05-01 * "iCloud" "" #spiir
  spiir-id: "638185344949365494"
  Assets:Checking:Fixed  -69.00 DKK
  Expenses:Uncategorized  69.00 DKK

2023-05-01 * "Tryg" "Indbo- & familieforsikring" #spiir
  spiir-id: "638185344949365495"
  Assets:Checking:Fixed  -378.52 DKK
  Expenses:House:Contents-Insurance  378.52 DKK

2023-05-01 * "Tryg" "Indbo- & familieforsikring" #spiir
  spiir-id: "638185344949365496"
  Assets:Checking:Fixed  -551.40 DKK
  Expenses:House:Contents-Insurance  551.40 DKK

2023-05-01 * "Tryg" "Indbo- & familieforsikring" #spiir
  spiir-id: "638185344949365497"
  Assets:Checking:Fixed  -939.62 DKK
  Expenses:House:Contents-Insurance  939.62 DKK

2023-05-01 * "Fællesudgifter" "" #spiir
  spiir-id: "638185345442204773"
  Assets:Checking:Dagligvarer  3500.00 DKK
  Expenses:Uncategorized  -3500.00 DKK

2023-05-01 * "Dagligvarer - PRM" "Dagligvarer" #spiir
  spiir-id: "638185345442204774"
  Assets:Checking:Dagligvarer  3500.00 DKK
  Expenses:Food:Groceries  -3500.00 DKK

2023-05-01 * "Kvickly Hvidovre" "Dagligvarer" #spiir
  spiir-id: "638185345442204775"
  Assets:Checking:Dagligvarer  -118.50 DKK
  Expenses:Food:Groceries  118.50 DKK

2023-05-01 * "Boulders.dk" "Sport & fritid" #spiir
  spiir-id: "638186121003548596"
  Assets:Checking:Primary  -199.50 DKK
  Expenses:Entertainment:Sports  199.50 DKK

2023-05-01 * "hiper.dk" "Telefoni & internet" #spiir
  spiir-id: "638186121003548597"
  Assets:Checking:Primary  -289.00 DKK
  Expenses:Subscriptions:Telecom  289.00 DKK

2023-05-02 * "Alice Kobenhavn S" "Bar, cafe & restaurant" #spiir
  spiir-id: "638186121003548595"
  Assets:Checking:Primary  -82.00 DKK
  Expenses:Food:Restaurant  82.00 DKK

2023-05-03 * "Toolbeer.Dk Copenhagen" "Tobak & alkohol" #spiir
  spiir-id: "638186996263319380"
  Assets:Checking:Primary  -190.00 DKK
  Expenses:Food:Alcohol  190.00 DKK

2023-05-03 * "Parkman" "Parkering" #spiir
  spiir-id: "638186997329729746"
  Assets:Checking:Dagligvarer  -45.71 DKK
  Expenses:Car:Parking  45.71 DKK

2023-05-03 * "Kvickly Hvidovre" "Dagligvarer" #spiir
  spiir-id: "638187872163669733"
  Assets:Checking:Dagligvarer  -97.00 DKK
  Expenses:Food:Groceries  97.00 DKK

2023-05-04 * "Hofor A/S" "El, vand, varme & renovation" #spiir
  spiir-id: "638187871669604098"
  Assets:Checking:Fixed  -2296.88 DKK
  Expenses:House:Heating  2296.88 DKK

2023-05-04 * "Cinemaxx Fisketorv" "Biograf, koncerter & forlystelser" #spiir
  spiir-id: "638188723174886447"
  Assets:Checking:Primary  -115.00 DKK
  Expenses:Entertainment:Events  115.00 DKK

2023-05-04 * "MobilePay Catalin Jana Bianca Dyckh" "Ferieaktiviteter" #spiir
  spiir-id: "638188724060410479"
  Assets:Checking:Dagligvarer  -400.00 DKK
  Expenses:Travel:Activities  400.00 DKK

2023-05-04 * "Kvickly Hvidovre" "Dagligvarer" #spiir
  spiir-id: "638188724060410480"
  Assets:Checking:Dagligvarer  -153.70 DKK
  Expenses:Food:Groceries  153.70 DKK

2023-05-04 * "Kvickly Hvidovre" "Dagligvarer" #spiir
  spiir-id: "638188724060410481"
  Assets:Checking:Dagligvarer  10.95 DKK
  Expenses:Food:Groceries  -10.95 DKK

2023-05-07 * "MobilePay Frank Holsdorf" "Hus & havehjælp" #spiir
  spiir-id: "638191308448616009"
  Assets:Checking:Dagligvarer  -450.00 DKK
  Expenses:House:Help  450.00 DKK

2023-05-08 * "Caffeine B801" "Bar, cafe & restaurant" #spiir
  spiir-id: "638191306527714314"
  Assets:Checking:Primary  -40.00 DKK
  Expenses:Food:Restaurant  40.00 DKK

2023-05-08 * "Ida Ingeniørfore. i Danm" "Fagforening & a-kasse" #spiir
  spiir-id: "638191306527714315"
  Assets:Checking:Primary  -878.25 DKK
  Expenses:Insurance:Union  878.25 DKK

2023-05-08 * "Ssam ApS" "Bar, cafe & restaurant" #spiir
  spiir-id: "638191306527714316"
  Assets:Checking:Primary  -129.00 DKK
  Expenses:Food:Restaurant  129.00 DKK

2023-05-08 * "Hvidovre kommune" "Institution" #spiir
  spiir-id: "638191307691291859"
  Assets:Checking:Fixed  -4021.00 DKK
  Expenses:Kids:Institution  4021.00 DKK

2023-05-08 * "Skattestyrelsen Motor Op" "Ejerafgift/grøn afgift" #spiir
  spiir-id: "638191307691291860"
  Assets:Checking:Fixed  -1390.00 DKK
  Expenses:Car:Tax  1390.00 DKK

2023-05-08 * "Wild Kiwi Pies" "Dagligvarer" #spiir
  spiir-id: "638191308448616001"
  Assets:Checking:Dagligvarer  -108.00 DKK
  Expenses:Food:Groceries  108.00 DKK

2023-05-08 * "Wild Kiwi Pies" "Dagligvarer" #spiir
  spiir-id: "638191308448616002"
  Assets:Checking:Dagligvarer  -45.00 DKK
  Expenses:Food:Groceries  45.00 DKK

2023-05-08 * "K@Benhavns Sv@M" "Sport & fritid" #spiir
  spiir-id: "638191308448616003"
  Assets:Checking:Dagligvarer  -93.00 DKK
  Expenses:Entertainment:Sports  93.00 DKK

2023-05-08 * "Netto Hvidovrevej" "Dagligvarer" #spiir
  spiir-id: "638191308448616004"
  Assets:Checking:Dagligvarer  -182.80 DKK
  Expenses:Food:Groceries  182.80 DKK

2023-05-08 * "Københavns svømmeh" "Sport & fritid" #spiir
  spiir-id: "638191308448616005"
  Assets:Checking:Dagligvarer  -33.00 DKK
  Expenses:Entertainment:Sports  33.00 DKK

2023-05-08 * "Københavns svømmeh" "Sport & fritid" #spiir
  spiir-id: "638191308448616006"
  Assets:Checking:Dagligvarer  -60.00 DKK
  Expenses:Entertainment:Sports  60.00 DKK

2023-05-08 * "Caffeine B801" "Bar, cafe & restaurant" #spiir
  spiir-id: "638191308448616007"
  Assets:Checking:Dagligvarer  -25.00 DKK
  Expenses:Food:Restaurant  25.00 DKK

2023-05-08 * "7-Eleven B094" "Kiosk, bager & specialbutikker" #spiir
  spiir-id: "638191308448616008"
  Assets:Checking:Dagligvarer  -26.00 DKK
  Expenses:Food:Kiosk  26.00 DKK

2023-05-09 * "K@Benhavns Luft" "Parkering" #spiir
  spiir-id: "638192172423369392"
  Assets:Checking:Dagligvarer  -100.00 DKK
  Expenses:Car:Parking  100.00 DKK

2023-05-10 * "Dedalus eCitizen S" "Offentligt gebyr" #spiir
  spiir-id: "638193055176444148"
  Assets:Checking:Primary  -220.00 DKK
  Expenses:Tax:Fees  220.00 DKK

2023-05-10 * "Kiosk v/ Darsho Kaur" "Kiosk, bager & specialbutikker" #spiir
  spiir-id: "638193056456169406"
  Assets:Checking:Dagligvarer  -14.00 DKK
  Expenses:Food:Kiosk  14.00 DKK

2023-05-10 * "Glostrup Apotek v" "Apotek & medicin" #spiir
  spiir-id: "638193398282592893"
  Assets:Checking:Primary  -103.35 DKK
  Expenses:Health:Pharmacy  103.35 DKK

2023-05-10 * "UV tøj til Ronja" "Tøj, sko & accessories" #spiir
  spiir-id: "638193398452573735"
  Assets:Checking:Dagligvarer  -349.00 DKK
  Expenses:Shopping:Clothing  349.00 DKK

2023-05-11 * "Sweetdeal.Dk" "" #spiir
  spiir-id: "638193927490515452"
  Assets:Checking:Dagligvarer  -184.00 DKK
  Expenses:Uncategorized  184.00 DKK

2023-05-12 * "tipsterdk" "Bar, cafe & restaurant" #spiir
  spiir-id: "638194762476206910"
  Assets:Checking:Dagligvarer  -144.00 DKK
  Expenses:Food:Restaurant  144.00 DKK

2023-05-12 * "Ugandan Food Kobenhavn N" "Bar, cafe & restaurant" #spiir
  spiir-id: "638194762476206911"
  Assets:Checking:Dagligvarer  -5.00 DKK
  Expenses:Food:Restaurant  5.00 DKK

2023-05-15 * "Vermuteria La Rosa" "Bar, cafe & restaurant" #spiir
  spiir-id: "638197373255490763"
  Assets:Checking:Dagligvarer  -337.46 DKK
  Expenses:Food:Restaurant  337.46 DKK

2023-05-15 * "Steffs T3, Pier" "Fastfood & takeaway" #spiir
  spiir-id: "638197373255490764"
  Assets:Checking:Dagligvarer  -36.00 DKK
  Expenses:Food:Takeaway  36.00 DKK

2023-05-15 * "Mercadona Mercado De" "Ferieaktiviteter" #spiir
  spiir-id: "638197373255490765"
  Assets:Checking:Dagligvarer  -191.38 DKK
  Expenses:Travel:Activities  191.38 DKK

2023-05-15 * "Farmacia Balaguer" "Apotek & medicin" #spiir
  spiir-id: "638197373255490766"
  Assets:Checking:Dagligvarer  -107.27 DKK
  Expenses:Health:Pharmacy  107.27 DKK

2023-05-15 * "F@Tex Hvidovrev" "Dagligvarer" #spiir
  spiir-id: "638197373255490767"
  Assets:Checking:Dagligvarer  -60.00 DKK
  Expenses:Food:Groceries  60.00 DKK

2023-05-15 * "F@Tex Friheden" "Dagligvarer" #spiir
  spiir-id: "638197373255490768"
  Assets:Checking:Dagligvarer  -64.90 DKK
  Expenses:Food:Groceries  64.90 DKK

2023-05-15 * "Caprabo 422 Mallorca" "" #spiir
  spiir-id: "638197373255791737"
  Assets:Checking:Dagligvarer  -201.43 DKK
  Expenses:Uncategorized  201.43 DKK

2023-05-15 * "Billetto" "Biograf, koncerter & forlystelser" #spiir
  spiir-id: "638197373255929298"
  Assets:Checking:Dagligvarer  -420.00 DKK
  Expenses:Entertainment:Events  420.00 DKK

2023-05-15 * "Gasoline T3" "Bar, cafe & restaurant" #spiir
  spiir-id: "638197373255929299"
  Assets:Checking:Dagligvarer  -280.00 DKK
  Expenses:Food:Restaurant  280.00 DKK

2023-05-15 * "Netto Hvidovrev" "Dagligvarer" #spiir
  spiir-id: "638197373255929300"
  Assets:Checking:Dagligvarer  -53.00 DKK
  Expenses:Food:Groceries  53.00 DKK

2023-05-15 * "Lidl" "Dagligvarer" #spiir
  spiir-id: "638197373255929301"
  Assets:Checking:Dagligvarer  -189.00 DKK
  Expenses:Food:Groceries  189.00 DKK

2023-05-15 * "Lidl" "Dagligvarer" #spiir
  spiir-id: "638197373255929302"
  Assets:Checking:Dagligvarer  -81.95 DKK
  Expenses:Food:Groceries  81.95 DKK

2023-05-15 * "Express Hvidovr" "Brændstof" #spiir
  spiir-id: "638197373256241806"
  Assets:Checking:Dagligvarer  -266.83 DKK
  Expenses:Car:Gas  266.83 DKK

2023-05-15 * "MobilePay Sommerfest Harrestrup Vil" "" #spiir
  spiir-id: "638198188823975274"
  Assets:Checking:Dagligvarer  -250.00 DKK
  Expenses:Uncategorized  250.00 DKK

2023-05-16 * "Google Nest g.co/helppayÆ" "Alarmsystem" #spiir
  spiir-id: "638198188823823867"
  Assets:Checking:Dagligvarer  -40.00 DKK
  Expenses:House:Alarm  40.00 DKK

2023-05-16 * "Mistral Coffee Company Palma De M" "Bar, cafe & restaurant" #spiir
  spiir-id: "638198188823823868"
  Assets:Checking:Dagligvarer  -38.76 DKK
  Expenses:Food:Restaurant  38.76 DKK

2023-05-16 * "Cafeteria Ven Palma De Mall" "Bar, cafe & restaurant" #spiir
  spiir-id: "638198188823823869"
  Assets:Checking:Dagligvarer  -79.77 DKK
  Expenses:Food:Restaurant  79.77 DKK

2023-05-16 * "Febrer 12 Palma De Mall" "Brændstof" #spiir
  spiir-id: "638198188823823870"
  Assets:Checking:Dagligvarer  -12.30 DKK
  Expenses:Car:Gas  12.30 DKK

2023-05-16 * "Selecta As Brondby" "Dagligvarer" #spiir
  spiir-id: "638198188823823871"
  Assets:Checking:Dagligvarer  -38.00 DKK
  Expenses:Food:Groceries  38.00 DKK

2023-05-16 * "Mistral Coffee Company Palma De M" "Bar, cafe & restaurant" #spiir
  spiir-id: "638198188823975268"
  Assets:Checking:Dagligvarer  -85.73 DKK
  Expenses:Food:Restaurant  85.73 DKK

2023-05-16 * "La Bodega Del Duende Palma" "Bar, cafe & restaurant" #spiir
  spiir-id: "638198188823975269"
  Assets:Checking:Dagligvarer  -64.86 DKK
  Expenses:Food:Restaurant  64.86 DKK

2023-05-16 * "Wurstland" "Bar, cafe & restaurant" #spiir
  spiir-id: "638198188823975270"
  Assets:Checking:Dagligvarer  -115.31 DKK
  Expenses:Food:Restaurant  115.31 DKK

2023-05-16 * "Supermercado Bip Bip" "Dagligvarer" #spiir
  spiir-id: "638198188823975271"
  Assets:Checking:Dagligvarer  -67.79 DKK
  Expenses:Food:Groceries  67.79 DKK

2023-05-16 * "Supermercado Bip Bip" "Dagligvarer" #spiir
  spiir-id: "638198188823975272"
  Assets:Checking:Dagligvarer  -37.24 DKK
  Expenses:Food:Groceries  37.24 DKK

2023-05-16 * "Hotel Flor Los Almen" "Fly & Hotel" #spiir
  spiir-id: "638198188823975273"
  Assets:Checking:Dagligvarer  -98.33 DKK
  Expenses:Travel:Transport  98.33 DKK

2023-05-16 * "Til Dagligvarer" "Kontooverførsel" #spiir
  spiir-id: "638199071463031719"
  Assets:Checking:Primary  -1500.00 DKK
  Assets:Transfer  1500.00 DKK

2023-05-16 * "Ferie" "Kontooverførsel" #spiir
  spiir-id: "638199073276651668"
  Assets:Checking:Dagligvarer  1500.00 DKK
  Assets:Transfer  -1500.00 DKK

2023-05-16 * "Til Dagligvarer" "Dagligvarer" #spiir
  spiir-id: "638199073276651669"
  Assets:Checking:Dagligvarer  1500.00 DKK
  Expenses:Food:Groceries  -1500.00 DKK

2023-05-17 * "Inflight Services Norwegi Kista" "Ferieaktiviteter" #spiir
  spiir-id: "638199073276651662"
  Assets:Checking:Dagligvarer  -23.00 DKK
  Expenses:Travel:Activities  23.00 DKK

2023-05-17 * "Spar Paguera Peguera" "Dagligvarer" #spiir
  spiir-id: "638199073276651663"
  Assets:Checking:Dagligvarer  -18.64 DKK
  Expenses:Food:Groceries  18.64 DKK

2023-05-17 * "Jose Miguel Pardo Gutier Peguera" "Dagligvarer" #spiir
  spiir-id: "638199073276651664"
  Assets:Checking:Dagligvarer  -13.42 DKK
  Expenses:Food:Groceries  13.42 DKK

2023-05-17 * "Cresgar Inversiones 2000 Peguera" "Dagligvarer" #spiir
  spiir-id: "638199073276651665"
  Assets:Checking:Dagligvarer  -232.81 DKK
  Expenses:Food:Groceries  232.81 DKK

2023-05-17 * "Hostal Neptuno Peguera" "Fly & Hotel" #spiir
  spiir-id: "638199073276651666"
  Assets:Checking:Dagligvarer  -302.02 DKK
  Expenses:Travel:Transport  302.02 DKK

2023-05-17 * "Supermercado Bip Bip" "Dagligvarer" #spiir
  spiir-id: "638199073276651667"
  Assets:Checking:Dagligvarer  -14.89 DKK
  Expenses:Food:Groceries  14.89 DKK

2023-05-22 * "Www.Roseversand.De Bocholt" "Anden transport" #spiir
  spiir-id: "638203355306138582"
  Assets:Checking:Primary  -183.67 DKK
  Expenses:Transport:Other  183.67 DKK

2023-05-22 * "Farmacia Bonet Paguera" "Apotek & medicin" #spiir
  spiir-id: "638203355306138583"
  Assets:Checking:Primary  -59.23 DKK
  Expenses:Health:Pharmacy  59.23 DKK

2023-05-22 * "Bar Coves Darta" "Bar, cafe & restaurant" #spiir
  spiir-id: "638203357068325506"
  Assets:Checking:Dagligvarer  -104.28 DKK
  Expenses:Food:Restaurant  104.28 DKK

2023-05-22 * "Supermercat Canyamel" "Dagligvarer" #spiir
  spiir-id: "638203357068325507"
  Assets:Checking:Dagligvarer  -22.42 DKK
  Expenses:Food:Groceries  22.42 DKK

2023-05-22 * "Supermercat Canyamel" "Dagligvarer" #spiir
  spiir-id: "638203357068492890"
  Assets:Checking:Dagligvarer  -55.79 DKK
  Expenses:Food:Groceries  55.79 DKK

2023-05-22 * "Boutique Susana" "" #spiir
  spiir-id: "638203357068492891"
  Assets:Checking:Dagligvarer  -70.39 DKK
  Expenses:Uncategorized  70.39 DKK

2023-05-22 * "Peguera" "" #spiir
  spiir-id: "638203357068492892"
  Assets:Checking:Dagligvarer  -1508.64 DKK
  Expenses:Uncategorized  1508.64 DKK

2023-05-22 * "Sa Palomera Beach San Telmo" "Bar, cafe & restaurant" #spiir
  spiir-id: "638203357068492893"
  Assets:Checking:Dagligvarer  -219.78 DKK
  Expenses:Food:Restaurant  219.78 DKK

2023-05-22 * "Gelatimossa San Telmo" "Dagligvarer" #spiir
  spiir-id: "638203357068492894"
  Assets:Checking:Dagligvarer  -56.62 DKK
  Expenses:Food:Groceries  56.62 DKK

2023-05-22 * "Cresgar Inversiones 2000 Peguera" "Dagligvarer" #spiir
  spiir-id: "638203357068492895"
  Assets:Checking:Dagligvarer  -13.04 DKK
  Expenses:Food:Groceries  13.04 DKK

2023-05-22 * "Ultramarinos Pantale" "Dagligvarer" #spiir
  spiir-id: "638203357068492896"
  Assets:Checking:Dagligvarer  -47.67 DKK
  Expenses:Food:Groceries  47.67 DKK

2023-05-22 * "MUeLLER PALMA" "Apotek & medicin" #spiir
  spiir-id: "638203357068492897"
  Assets:Checking:Dagligvarer  -218.25 DKK
  Expenses:Health:Pharmacy  218.25 DKK

2023-05-22 * "Eurocop Sant Elm" "Ferieaktiviteter" #spiir
  spiir-id: "638203357068492898"
  Assets:Checking:Dagligvarer  -51.77 DKK
  Expenses:Travel:Activities  51.77 DKK

2023-05-22 * "Cresgar Inversiones" "Dagligvarer" #spiir
  spiir-id: "638203357068492899"
  Assets:Checking:Dagligvarer  -97.50 DKK
  Expenses:Food:Groceries  97.50 DKK

2023-05-23 * "Super-Bout Susana Canyam Canyame" "Dagligvarer" #spiir
  spiir-id: "638204208225938109"
  Assets:Checking:Dagligvarer  -67.04 DKK
  Expenses:Food:Groceries  67.04 DKK

2023-05-23 * "Apple.Com/Bill Cork" "Online services & software" #spiir
  spiir-id: "638204208225938110"
  Assets:Checking:Dagligvarer  -69.00 DKK
  Expenses:Subscriptions:Software  69.00 DKK

2023-05-23 * "Boutique Susana Canyamel" "" #spiir
  spiir-id: "638204208225938111"
  Assets:Checking:Dagligvarer  -17.88 DKK
  Expenses:Uncategorized  17.88 DKK

2023-05-23 * "Canyamar Canyamel" "Bar, cafe & restaurant" #spiir
  spiir-id: "638204208225938112"
  Assets:Checking:Dagligvarer  -15.64 DKK
  Expenses:Food:Restaurant  15.64 DKK

2023-05-23 * "Boutique Susana Canyamel" "" #spiir
  spiir-id: "638204208225938113"
  Assets:Checking:Dagligvarer  -7.45 DKK
  Expenses:Uncategorized  7.45 DKK

2023-05-23 * "Boutique Susana Canyamel" "" #spiir
  spiir-id: "638204208225938114"
  Assets:Checking:Dagligvarer  -110.61 DKK
  Expenses:Uncategorized  110.61 DKK

2023-05-23 * "Canyamar Canyamel" "Bar, cafe & restaurant" #spiir
  spiir-id: "638204208225938115"
  Assets:Checking:Dagligvarer  -15.65 DKK
  Expenses:Food:Restaurant  15.65 DKK

2023-05-23 * "Cafe Sauc Canyamel" "Bar, cafe & restaurant" #spiir
  spiir-id: "638204208225938116"
  Assets:Checking:Dagligvarer  -444.84 DKK
  Expenses:Food:Restaurant  444.84 DKK

2023-05-23 * "Delicatesen Canyamel" "Dagligvarer" #spiir
  spiir-id: "638204208225938117"
  Assets:Checking:Dagligvarer  -245.08 DKK
  Expenses:Food:Groceries  245.08 DKK

2023-05-23 * "MobilePay DOT APP" "Bus, tog, færge o.l." #spiir
  spiir-id: "638204208225938118"
  Assets:Checking:Dagligvarer  -60.00 DKK
  Expenses:Transport:Public  60.00 DKK

2023-05-23 * "ATM Cash Withdrawal VISA - Abroad" "Kontanthævning & check" #spiir
  spiir-id: "638204208225938119"
  Assets:Checking:Dagligvarer  -30.00 DKK
  Expenses:Cash  30.00 DKK

2023-05-24 * "Areas - Aeropuerto Palma Mallorc" "Bar, cafe & restaurant" #spiir
  spiir-id: "638205083139303105"
  Assets:Checking:Dagligvarer  -8.20 DKK
  Expenses:Food:Restaurant  8.20 DKK

2023-05-24 * "Mc Donalds Aeropuerto Pa Palma D" "Ferieaktiviteter" #spiir
  spiir-id: "638205083139303106"
  Assets:Checking:Dagligvarer  -71.53 DKK
  Expenses:Travel:Activities  71.53 DKK

2023-05-24 * "Areas - Aeropuerto Palma Mallorc" "Bar, cafe & restaurant" #spiir
  spiir-id: "638205083139303107"
  Assets:Checking:Dagligvarer  -13.41 DKK
  Expenses:Food:Restaurant  13.41 DKK

2023-05-24 * "Boutique Susana Canyamel" "" #spiir
  spiir-id: "638205083139303108"
  Assets:Checking:Dagligvarer  -47.32 DKK
  Expenses:Uncategorized  47.32 DKK

2023-05-24 * "Areas - Aeropuerto Palma Mallorc" "Bar, cafe & restaurant" #spiir
  spiir-id: "638205083139303109"
  Assets:Checking:Dagligvarer  -8.20 DKK
  Expenses:Food:Restaurant  8.20 DKK

2023-05-24 * "Barbaflorida Cafe Valldemossa" "Bar, cafe & restaurant" #spiir
  spiir-id: "638205083139303110"
  Assets:Checking:Dagligvarer  -290.60 DKK
  Expenses:Food:Restaurant  290.60 DKK

2023-05-24 * "Barbaflorida Cafe Valldemossa" "Bar, cafe & restaurant" #spiir
  spiir-id: "638205083139303111"
  Assets:Checking:Dagligvarer  -23.84 DKK
  Expenses:Food:Restaurant  23.84 DKK

2023-05-24 * "Ajunt De Valldemosa Valldemossa" "Parkering" #spiir
  spiir-id: "638205083139303112"
  Assets:Checking:Dagligvarer  -27.94 DKK
  Expenses:Car:Parking  27.94 DKK

2023-05-24 * "Super Can Pep Capdepera" "Dagligvarer" #spiir
  spiir-id: "638205083139303113"
  Assets:Checking:Dagligvarer  -392.31 DKK
  Expenses:Food:Groceries  392.31 DKK

2023-05-24 * "Artesan Valldemossa" "Ferieaktiviteter" #spiir
  spiir-id: "638205083139303114"
  Assets:Checking:Dagligvarer  -166.16 DKK
  Expenses:Travel:Activities  166.16 DKK

2023-05-24 * "Areas - Aeropuerto Palma Mallorc" "Bar, cafe & restaurant" #spiir
  spiir-id: "638205083139303115"
  Assets:Checking:Dagligvarer  -8.20 DKK
  Expenses:Food:Restaurant  8.20 DKK

2023-05-24 * "E.S. Son Ferriol Palma Palma De M" "Brændstof" #spiir
  spiir-id: "638205083139303116"
  Assets:Checking:Dagligvarer  -9.69 DKK
  Expenses:Car:Gas  9.69 DKK

2023-05-24 * "Areas - Aeropuerto Palma Mallorc" "Bar, cafe & restaurant" #spiir
  spiir-id: "638205083139303117"
  Assets:Checking:Dagligvarer  -14.90 DKK
  Expenses:Food:Restaurant  14.90 DKK

2023-05-24 * "Wdfg Palma Mallorca" "Ferieaktiviteter" #spiir
  spiir-id: "638205083139303118"
  Assets:Checking:Dagligvarer  -367.62 DKK
  Expenses:Travel:Activities  367.62 DKK

2023-05-24 * "Febrer" "Ferieaktiviteter" #spiir
  spiir-id: "638205083139303119"
  Assets:Checking:Dagligvarer  -277.56 DKK
  Expenses:Travel:Activities  277.56 DKK

2023-05-24 * "ES Pouet" "Bar, cafe & restaurant" #spiir
  spiir-id: "638205083139303120"
  Assets:Checking:Dagligvarer  -58.10 DKK
  Expenses:Food:Restaurant  58.10 DKK

2023-05-24 * "Til Dagligvarer" "Kontooverførsel" #spiir
  spiir-id: "638206024022716271"
  Assets:Checking:Primary  -1500.00 DKK
  Assets:Transfer  1500.00 DKK

2023-05-24 * "Mallorca" "Kontooverførsel" #spiir
  spiir-id: "638206025182457609"
  Assets:Checking:Dagligvarer  1500.00 DKK
  Assets:Transfer  -1500.00 DKK

2023-05-24 * "Til Dagligvarer" "Dagligvarer" #spiir
  spiir-id: "638206025182457610"
  Assets:Checking:Dagligvarer  1500.00 DKK
  Expenses:Food:Groceries  -1500.00 DKK

2023-05-25 * "Jagger Prinsessegade Vejle" "Bar, cafe & restaurant" #spiir
  spiir-id: "638206025182457607"
  Assets:Checking:Dagligvarer  -202.00 DKK
  Expenses:Food:Restaurant  202.00 DKK

2023-05-25 * "Lidl" "Dagligvarer" #spiir
  spiir-id: "638206025182457608"
  Assets:Checking:Dagligvarer  -100.39 DKK
  Expenses:Food:Groceries  100.39 DKK

2023-05-26 * "Areas - Aeropuerto Palma Mallorc" "Bar, cafe & restaurant" #spiir
  spiir-id: "638206816162273905"
  Assets:Checking:Dagligvarer  13.41 DKK
  Expenses:Food:Restaurant  -13.41 DKK

2023-05-28 * "Udläg rejse" "" #spiir
  spiir-id: "638209420212617434"
  Assets:Checking:Primary  9611.00 DKK
  Expenses:Uncategorized  -9611.00 DKK

2023-05-29 * "MobilePay Lee Ann Hollesen" "Hobby & sportsudstyr" #spiir
  spiir-id: "638210325902516141"
  Assets:Checking:Primary  -1891.00 DKK
  Expenses:Shopping:Sports  1891.00 DKK

2023-05-30 * "MobilePay Anna K. Kromann" "" #spiir
  spiir-id: "638210327520363171"
  Assets:Checking:Dagligvarer  -300.00 DKK
  Expenses:Uncategorized  300.00 DKK

2023-05-30 * "Fakta" "Dagligvarer" #spiir
  spiir-id: "638210327520363172"
  Assets:Checking:Dagligvarer  -220.60 DKK
  Expenses:Food:Groceries  220.60 DKK

2023-05-30 * "Asien Marked" "Dagligvarer" #spiir
  spiir-id: "638210327520363173"
  Assets:Checking:Dagligvarer  -15.00 DKK
  Expenses:Food:Groceries  15.00 DKK

2023-05-30 * "Asien Marked" "Dagligvarer" #spiir
  spiir-id: "638210327520363174"
  Assets:Checking:Dagligvarer  -318.00 DKK
  Expenses:Food:Groceries  318.00 DKK

2023-05-30 * "Coop365Hørve" "Dagligvarer" #spiir
  spiir-id: "638210327520363175"
  Assets:Checking:Dagligvarer  -119.10 DKK
  Expenses:Food:Groceries  119.10 DKK

2023-05-30 * "Lidl" "Dagligvarer" #spiir
  spiir-id: "638210327520363176"
  Assets:Checking:Dagligvarer  -232.44 DKK
  Expenses:Food:Groceries  232.44 DKK

2023-05-30 * "Kirppu Valby Ap" "Tøj, sko & accessories" #spiir
  spiir-id: "638210327520363177"
  Assets:Checking:Dagligvarer  -11.00 DKK
  Expenses:Shopping:Clothing  11.00 DKK

2023-05-30 * "Til Dagligvarer" "Kontooverførsel" #spiir
  spiir-id: "638211214237662360"
  Assets:Checking:Primary  -1000.00 DKK
  Assets:Transfer  1000.00 DKK

2023-05-30 * "Billeje Mallorca" "" #spiir
  spiir-id: "638211216113129991"
  Assets:Checking:Dagligvarer  -1891.00 DKK
  Expenses:Uncategorized  1891.00 DKK

2023-05-30 * "Fra Lee Ann Hollesen" "Kontooverførsel" #spiir
  spiir-id: "638211216113129992"
  Assets:Checking:Dagligvarer  1000.00 DKK
  Assets:Transfer  -1000.00 DKK

2023-05-30 * "Til Dagligvarer" "Dagligvarer" #spiir
  spiir-id: "638211216113129993"
  Assets:Checking:Dagligvarer  1000.00 DKK
  Expenses:Food:Groceries  -1000.00 DKK

2023-05-30 * "Kirppu Valby" "Tøj, sko & accessories" #spiir
  spiir-id: "638211216113129994"
  Assets:Checking:Dagligvarer  -50.00 DKK
  Expenses:Shopping:Clothing  50.00 DKK

2023-05-31 * "Huslån - PRM" "Kontooverførsel" #spiir
  spiir-id: "638211214237662357"
  Assets:Checking:Primary  -7625.33 DKK
  Assets:Transfer  7625.33 DKK

2023-05-31 * "Nedbetaling huslån - PRM" "Kontooverførsel" #spiir
  spiir-id: "638211214237662358"
  Assets:Checking:Primary  -7625.33 DKK
  Assets:Transfer  7625.33 DKK

2023-05-31 * "Huslån - LAH" "Kontooverførsel" #spiir
  spiir-id: "638211215583748279"
  Assets:Checking:Fixed  7625.33 DKK
  Assets:Transfer  -7625.33 DKK

2023-05-31 * "Huslån - PRM" "Kontooverførsel" #spiir
  spiir-id: "638211215583748280"
  Assets:Checking:Fixed  7625.33 DKK
  Assets:Transfer  -7625.33 DKK

2023-05-31 * "Realkredit Danmark" "Boliglån/husleje" #spiir
  spiir-id: "638211215583748281"
  Assets:Checking:Fixed  -15241.06 DKK
  Expenses:House:Mortgage  15241.06 DKK

2023-05-31 * "Slikland Friiheden Aps Hvidovre" "Kiosk, bager & specialbutikker" #spiir
  spiir-id: "638211216113129989"
  Assets:Checking:Dagligvarer  -69.00 DKK
  Expenses:Food:Kiosk  69.00 DKK

2023-05-31 * "Let-Koeb Hvidovre Hvidovre" "Dagligvarer" #spiir
  spiir-id: "638211216113129990"
  Assets:Checking:Dagligvarer  -55.35 DKK
  Expenses:Food:Groceries  55.35 DKK

2023-05-31 * "MobilePay" "" #spiir
  spiir-id: "638212097966265077"
  Assets:Checking:Dagligvarer  -480.00 DKK
  Expenses:Uncategorized  480.00 DKK

2023-05-31 * "MobilePay" "" #spiir
  spiir-id: "638212097966265078"
  Assets:Checking:Dagligvarer  -350.00 DKK
  Expenses:Uncategorized  350.00 DKK

2023-06-01 * "Lønoverførsel" "Løn" #spiir
  spiir-id: "638211214237662359"
  Assets:Checking:Primary  43930.17 DKK
  Income:Salary  -43930.17 DKK

2023-06-01 * "3 Danmark Koebenhavn SV" "Telefoni & internet" #spiir
  spiir-id: "638212096082156143"
  Assets:Checking:Primary  -160.00 DKK
  Expenses:Subscriptions:Telecom  160.00 DKK

2023-06-01 * "Tandforsikring - PRM" "Kontooverførsel" #spiir
  spiir-id: "638212096082156144"
  Assets:Checking:Primary  -60.00 DKK
  Assets:Transfer  60.00 DKK

2023-06-01 * "Spotify" "Kontooverførsel" #spiir
  spiir-id: "638212096082156145"
  Assets:Checking:Primary  -97.00 DKK
  Assets:Transfer  97.00 DKK

2023-06-01 * "Bilforsikr, afgift - PRM" "Kontooverførsel" #spiir
  spiir-id: "638212096082156146"
  Assets:Checking:Primary  -250.00 DKK
  Assets:Transfer  250.00 DKK

2023-06-01 * "Hus, indboforsikr - PRM" "Kontooverførsel" #spiir
  spiir-id: "638212096083712358"
  Assets:Checking:Primary  -347.00 DKK
  Assets:Transfer  347.00 DKK

2023-06-01 * "El, vand og varme - PRM" "Kontooverførsel" #spiir
  spiir-id: "638212096083712359"
  Assets:Checking:Primary  -1084.00 DKK
  Assets:Transfer  1084.00 DKK

2023-06-01 * "Ejendommensskat - PRM" "Kontooverførsel" #spiir
  spiir-id: "638212096083712360"
  Assets:Checking:Primary  -1224.50 DKK
  Assets:Transfer  1224.50 DKK

2023-06-01 * "Vuggestue - PRM" "Kontooverførsel" #spiir
  spiir-id: "638212096083712361"
  Assets:Checking:Primary  -2010.50 DKK
  Assets:Transfer  2010.50 DKK

2023-06-01 * "Dagligvarer - PRM" "Kontooverførsel" #spiir
  spiir-id: "638212096083712362"
  Assets:Checking:Primary  -3500.00 DKK
  Assets:Transfer  3500.00 DKK

2023-06-01 * "iCloud Fastefæll.udgifte" "Kontooverførsel" #spiir
  spiir-id: "638212096083712363"
  Assets:Checking:Primary  69.00 DKK
  Assets:Transfer  -69.00 DKK

2023-06-01 * "Rejsekort - DSB" "Bus, tog, færge o.l." #spiir
  spiir-id: "638212096083712364"
  Assets:Checking:Primary  -300.00 DKK
  Expenses:Transport:Public  300.00 DKK

2023-06-01 * "Tryg" "Indbo- & familieforsikring" #spiir
  spiir-id: "638212097109341372"
  Assets:Checking:Fixed  -378.52 DKK
  Expenses:House:Contents-Insurance  378.52 DKK

2023-06-01 * "Tandforsikring - LAH" "Kontooverførsel" #spiir
  spiir-id: "638212097109341373"
  Assets:Checking:Fixed  60.00 DKK
  Assets:Transfer  -60.00 DKK

2023-06-01 * "Spotify" "Kontooverførsel" #spiir
  spiir-id: "638212097109341374"
  Assets:Checking:Fixed  97.00 DKK
  Assets:Transfer  -97.00 DKK

2023-06-01 * "Bilforsikr, afgift - LAH" "Kontooverførsel" #spiir
  spiir-id: "638212097109341375"
  Assets:Checking:Fixed  250.00 DKK
  Assets:Transfer  -250.00 DKK

2023-06-01 * "Hus, indboforsikr - LAH" "Kontooverførsel" #spiir
  spiir-id: "638212097109341376"
  Assets:Checking:Fixed  347.00 DKK
  Assets:Transfer  -347.00 DKK

2023-06-01 * "El, vand og varme - LAH" "Kontooverførsel" #spiir
  spiir-id: "638212097109341377"
  Assets:Checking:Fixed  1084.00 DKK
  Assets:Transfer  -1084.00 DKK

2023-06-01 * "Ejendomsskat - LAH" "Kontooverførsel" #spiir
  spiir-id: "638212097109341378"
  Assets:Checking:Fixed  1224.50 DKK
  Assets:Transfer  -1224.50 DKK

2023-06-01 * "Vuggestue - LAH" "Kontooverførsel" #spiir
  spiir-id: "638212097109341379"
  Assets:Checking:Fixed  2010.50 DKK
  Assets:Transfer  -2010.50 DKK

2023-06-01 * "Tandforsikring - PRM" "Sundheds- & sygeforsikring" #spiir
  spiir-id: "638212097109341380"
  Assets:Checking:Fixed  60.00 DKK
  Expenses:Insurance:Health  -60.00 DKK

2023-06-01 * "Spotify" "Film, musik & læsestof" #spiir
  spiir-id: "638212097109341381"
  Assets:Checking:Fixed  97.00 DKK
  Expenses:Entertainment:Media  -97.00 DKK

2023-06-01 * "Bilforsikr, afgift - PRM" "Bilforsikring & autohjælp" #spiir
  spiir-id: "638212097109341382"
  Assets:Checking:Fixed  250.00 DKK
  Expenses:Car:Insurance  -250.00 DKK

2023-06-01 * "Hus, indboforsikr - PRM" "Husforsikring" #spiir
  spiir-id: "638212097109341383"
  Assets:Checking:Fixed  347.00 DKK
  Expenses:House:Insurance  -347.00 DKK

2023-06-01 * "El, vand og varme - PRM" "El, vand, varme & renovation" #spiir
  spiir-id: "638212097109341384"
  Assets:Checking:Fixed  1084.00 DKK
  Expenses:House:Heating  -1084.00 DKK

2023-06-01 * "Ejendommensskat - PRM" "Ejendomsskat" #spiir
  spiir-id: "638212097109341385"
  Assets:Checking:Fixed  1224.50 DKK
  Expenses:House:Tax  -1224.50 DKK

2023-06-01 * "Vuggestue - PRM" "Institution" #spiir
  spiir-id: "638212097109341386"
  Assets:Checking:Fixed  2010.50 DKK
  Expenses:Kids:Institution  -2010.50 DKK

2023-06-01 * "iCloud" "Kontooverførsel" #spiir
  spiir-id: "638212097109341387"
  Assets:Checking:Fixed  -69.00 DKK
  Assets:Transfer  69.00 DKK

2023-06-01 * "Fællesudgifter" "Kontooverførsel" #spiir
  spiir-id: "638212097966265075"
  Assets:Checking:Dagligvarer  3500.00 DKK
  Assets:Transfer  -3500.00 DKK

2023-06-01 * "Dagligvarer - PRM" "Dagligvarer" #spiir
  spiir-id: "638212097966265076"
  Assets:Checking:Dagligvarer  3500.00 DKK
  Expenses:Food:Groceries  -3500.00 DKK

2023-06-01 * "Ferie: Taiwain" "" #spiir
  spiir-id: "638212939970807777"
  Assets:Checking:Primary  -13113.00 DKK
  Expenses:Uncategorized  13113.00 DKK

2023-06-01 * "Boulders.dk" "Sport & fritid" #spiir
  spiir-id: "638212939970807778"
  Assets:Checking:Primary  -199.50 DKK
  Expenses:Entertainment:Sports  199.50 DKK

2023-06-01 * "hiper.dk" "Telefoni & internet" #spiir
  spiir-id: "638212939970807779"
  Assets:Checking:Primary  -289.00 DKK
  Expenses:Subscriptions:Telecom  289.00 DKK

2023-06-01 * "MobilePay" "" #spiir
  spiir-id: "638212941511611520"
  Assets:Checking:Dagligvarer  -118.00 DKK
  Expenses:Uncategorized  118.00 DKK

2023-06-01 * "Føtex Hvidovrevej" "Dagligvarer" #spiir
  spiir-id: "638212941511611521"
  Assets:Checking:Dagligvarer  -31.95 DKK
  Expenses:Food:Groceries  31.95 DKK

2023-06-01 * "Føtex Hvidovrevej" "Dagligvarer" #spiir
  spiir-id: "638212941511611522"
  Assets:Checking:Dagligvarer  -402.80 DKK
  Expenses:Food:Groceries  402.80 DKK

2023-06-02 * "UME ASIAN SUPERMARKET Kobenhavn" "Dagligvarer" #spiir
  spiir-id: "638212941511611516"
  Assets:Checking:Dagligvarer  -52.80 DKK
  Expenses:Food:Groceries  52.80 DKK

2023-06-02 * "Dumpo ApS Koebenhavn v" "Bar, cafe & restaurant" #spiir
  spiir-id: "638212941511611517"
  Assets:Checking:Dagligvarer  -120.75 DKK
  Expenses:Food:Restaurant  120.75 DKK

2023-06-02 * "Kft Jylland-Kbh Koebenhavn V" "Dagligvarer" #spiir
  spiir-id: "638212941511611518"
  Assets:Checking:Dagligvarer  -110.50 DKK
  Expenses:Food:Groceries  110.50 DKK

2023-06-02 * "EasyPark A/S easypark.dk" "Parkering" #spiir
  spiir-id: "638212941511611519"
  Assets:Checking:Dagligvarer  -35.68 DKK
  Expenses:Car:Parking  35.68 DKK

2023-06-02 * "Bootleggers Ib ApS" "Bar, cafe & restaurant" #spiir
  spiir-id: "638213754615420127"
  Assets:Checking:Primary  -45.00 DKK
  Expenses:Food:Restaurant  45.00 DKK

2023-06-02 * "Bootleggers Ib ApS" "Bar, cafe & restaurant" #spiir
  spiir-id: "638213754615420128"
  Assets:Checking:Primary  -55.00 DKK
  Expenses:Food:Restaurant  55.00 DKK

2023-06-02 * "Bootleggers Ib ApS" "Bar, cafe & restaurant" #spiir
  spiir-id: "638213754615420129"
  Assets:Checking:Primary  -65.00 DKK
  Expenses:Food:Restaurant  65.00 DKK

2023-06-02 * "Bootleggers Ib ApS" "Bar, cafe & restaurant" #spiir
  spiir-id: "638213754615420130"
  Assets:Checking:Primary  -50.00 DKK
  Expenses:Food:Restaurant  50.00 DKK

2023-06-02 * "Bootleggers Ib ApS" "Bar, cafe & restaurant" #spiir
  spiir-id: "638213754615420131"
  Assets:Checking:Primary  -45.00 DKK
  Expenses:Food:Restaurant  45.00 DKK

2023-06-02 * "MobilePay" "" #spiir
  spiir-id: "638213755948368525"
  Assets:Checking:Dagligvarer  -132.00 DKK
  Expenses:Uncategorized  132.00 DKK

2023-06-03 * "MobilePay UGANDA GRØNT ApS" "Dagligvarer" #spiir
  spiir-id: "638214590799245287"
  Assets:Checking:Dagligvarer  -110.00 DKK
  Expenses:Food:Groceries  110.00 DKK

2023-06-04 * "MobilePay DOT APP" "Bus, tog, færge o.l." #spiir
  spiir-id: "638214590799245286"
  Assets:Checking:Dagligvarer  -48.00 DKK
  Expenses:Transport:Public  48.00 DKK

2023-06-05 * "MobilePay Det Glade Jordbær - Valby" "Dagligvarer" #spiir
  spiir-id: "638216389161229451"
  Assets:Checking:Primary  -38.00 DKK
  Expenses:Food:Groceries  38.00 DKK

2023-06-05 * "MobilePay Dan Meakin" "Bar, cafe & restaurant" #spiir
  spiir-id: "638216389161229452"
  Assets:Checking:Primary  -149.00 DKK
  Expenses:Food:Restaurant  149.00 DKK

2023-06-06 * "Espresso House7121" "Bar, cafe & restaurant" #spiir
  spiir-id: "638216389161229449"
  Assets:Checking:Primary  -54.00 DKK
  Expenses:Food:Restaurant  54.00 DKK

2023-06-06 * "Toolbeer.Dk Copenhagen" "Tobak & alkohol" #spiir
  spiir-id: "638216389161229450"
  Assets:Checking:Primary  -190.00 DKK
  Expenses:Food:Alcohol  190.00 DKK

2023-06-06 * "Hvidovre kommune" "Institution" #spiir
  spiir-id: "638216389772171469"
  Assets:Checking:Fixed  -4021.00 DKK
  Expenses:Kids:Institution  4021.00 DKK

2023-06-06 * "SILVAN 577 Valby" "Ombygning & vedligehold" #spiir
  spiir-id: "638216390288737917"
  Assets:Checking:Dagligvarer  -79.95 DKK
  Expenses:House:Renovation  79.95 DKK

2023-06-06 * "Netto Nørrevold" "Dagligvarer" #spiir
  spiir-id: "638216390288737918"
  Assets:Checking:Dagligvarer  -154.90 DKK
  Expenses:Food:Groceries  154.90 DKK

2023-06-06 * "SuperB Chr.Havns T" "Dagligvarer" #spiir
  spiir-id: "638216390288737919"
  Assets:Checking:Dagligvarer  -42.50 DKK
  Expenses:Food:Groceries  42.50 DKK

2023-06-06 * "Føtex Hvidovrevej" "Dagligvarer" #spiir
  spiir-id: "638216390288737920"
  Assets:Checking:Dagligvarer  -229.35 DKK
  Expenses:Food:Groceries  229.35 DKK

2023-06-06 * "jem&fix Kastrup" "Ombygning & vedligehold" #spiir
  spiir-id: "638216390288737921"
  Assets:Checking:Dagligvarer  -16.00 DKK
  Expenses:House:Renovation  16.00 DKK

2023-06-06 * "HN Tårnby" "Ombygning & vedligehold" #spiir
  spiir-id: "638216390288737922"
  Assets:Checking:Dagligvarer  -846.95 DKK
  Expenses:House:Renovation  846.95 DKK

2023-06-06 * "HN Tårnby" "Ombygning & vedligehold" #spiir
  spiir-id: "638216390288737923"
  Assets:Checking:Dagligvarer  -212.00 DKK
  Expenses:House:Renovation  212.00 DKK

2023-06-06 * "willabgarden.se Ostra Karu" "" #spiir
  spiir-id: "638216390288737924"
  Assets:Checking:Dagligvarer  -88.00 DKK
  Expenses:Uncategorized  88.00 DKK

2023-06-06 * "Parkman" "Parkering" #spiir
  spiir-id: "638216390288737925"
  Assets:Checking:Dagligvarer  -56.19 DKK
  Expenses:Car:Parking  56.19 DKK

2023-06-06 * "Eventyrsport A/S" "Tøj, sko & accessories" #spiir
  spiir-id: "638217240235686323"
  Assets:Checking:Primary  -1548.00 DKK
  Expenses:Shopping:Clothing  1548.00 DKK

2023-06-06 * "REMA 1000 Hvidovre" "Dagligvarer" #spiir
  spiir-id: "638217241651145123"
  Assets:Checking:Dagligvarer  -324.70 DKK
  Expenses:Food:Groceries  324.70 DKK

2023-06-06 * "Coop365Jægerborgsg" "Dagligvarer" #spiir
  spiir-id: "638217241651145124"
  Assets:Checking:Dagligvarer  -85.85 DKK
  Expenses:Food:Groceries  85.85 DKK

2023-06-06 * "Leg & idé" "Gaver & velgørenhed" #spiir
  spiir-id: "638217241651145125"
  Assets:Checking:Dagligvarer  380.00 DKK
  Expenses:Gifts  -380.00 DKK

2023-06-06 * "Kvickly Hvidovre" "Dagligvarer" #spiir
  spiir-id: "638217241651145126"
  Assets:Checking:Dagligvarer  -169.90 DKK
  Expenses:Food:Groceries  169.90 DKK

2023-06-06 * "Bauhaus Valby" "Ombygning & vedligehold" #spiir
  spiir-id: "638217241651145127"
  Assets:Checking:Dagligvarer  -121.35 DKK
  Expenses:House:Renovation  121.35 DKK

2023-06-07 * "Zebra A/S* Flyingtiger Copenhagen" "Gaver & velgørenhed" #spiir
  spiir-id: "638217241651145116"
  Assets:Checking:Dagligvarer  -11.50 DKK
  Expenses:Gifts  11.50 DKK

2023-06-07 * "sweetdeal.dk" "" #spiir
  spiir-id: "638217241651145117"
  Assets:Checking:Dagligvarer  -106.00 DKK
  Expenses:Uncategorized  106.00 DKK

2023-06-07 * "Sp Basic & More Give" "Gaver & velgørenhed" #spiir
  spiir-id: "638217241651145118"
  Assets:Checking:Dagligvarer  -40.00 DKK
  Expenses:Gifts  40.00 DKK

2023-06-07 * "Harald Nyborg Kastrup Kastrup" "Ombygning & vedligehold" #spiir
  spiir-id: "638217241651145119"
  Assets:Checking:Dagligvarer  28.00 DKK
  Expenses:House:Renovation  -28.00 DKK

2023-06-07 * "Uganda Gront Aps 1 Taastrup" "Dagligvarer" #spiir
  spiir-id: "638217241651145120"
  Assets:Checking:Dagligvarer  -69.00 DKK
  Expenses:Food:Groceries  69.00 DKK

2023-06-07 * "Harald Nyborg Kastrup Kastrup" "Ombygning & vedligehold" #spiir
  spiir-id: "638217241651145121"
  Assets:Checking:Dagligvarer  218.00 DKK
  Expenses:House:Renovation  -218.00 DKK

2023-06-07 * "Matas" "Frisør & personlig pleje" #spiir
  spiir-id: "638217241651145122"
  Assets:Checking:Dagligvarer  -69.95 DKK
  Expenses:Shopping:Personal-Care  69.95 DKK

2023-06-07 * "Vestjyden" "Kiosk, bager & specialbutikker" #spiir
  spiir-id: "638218085366059729"
  Assets:Checking:Dagligvarer  -4.00 DKK
  Expenses:Food:Kiosk  4.00 DKK

2023-06-07 * "Flying Tiger Cph14" "Møbler & boligudstyr" #spiir
  spiir-id: "638218085366059730"
  Assets:Checking:Dagligvarer  -42.50 DKK
  Expenses:Shopping:Furniture  42.50 DKK

2023-06-07 * "Netto Holmen" "Dagligvarer" #spiir
  spiir-id: "638218085366059731"
  Assets:Checking:Dagligvarer  -138.70 DKK
  Expenses:Food:Groceries  138.70 DKK

2023-06-07 * "Netto Holmen" "Dagligvarer" #spiir
  spiir-id: "638218085366059732"
  Assets:Checking:Dagligvarer  -215.95 DKK
  Expenses:Food:Groceries  215.95 DKK

2023-06-08 * "LULULEMON ATHLETICA CH GM Zuerich" "Tøj, sko & accessories" #spiir
  spiir-id: "638218083771519514"
  Assets:Checking:Primary  -1311.12 DKK
  Expenses:Shopping:Clothing  1311.12 DKK

2023-06-08 * "Hvidovre Apotek Hvidovre" "Apotek & medicin" #spiir
  spiir-id: "638218085366059726"
  Assets:Checking:Dagligvarer  -287.70 DKK
  Expenses:Health:Pharmacy  287.70 DKK

2023-06-08 * "Cinemaxx Fisketorv" "Biograf, koncerter & forlystelser" #spiir
  spiir-id: "638218085366059727"
  Assets:Checking:Dagligvarer  -65.00 DKK
  Expenses:Entertainment:Events  65.00 DKK

2023-06-08 * "Cinemaxx Fisketorv" "Biograf, koncerter & forlystelser" #spiir
  spiir-id: "638218085366059728"
  Assets:Checking:Dagligvarer  -137.00 DKK
  Expenses:Entertainment:Events  137.00 DKK

2023-06-08 * "MobilePay Hvidovre Shawarma Grill" "Fastfood & takeaway" #spiir
  spiir-id: "638218915541691189"
  Assets:Checking:Dagligvarer  -59.00 DKK
  Expenses:Food:Takeaway  59.00 DKK

2023-06-08 * "Syd for solen billetter" "" #spiir
  spiir-id: "638218915541691190"
  Assets:Checking:Dagligvarer  1100.00 DKK
  Expenses:Uncategorized  -1100.00 DKK

2023-06-08 * "Netto Skelbækgade" "Dagligvarer" #spiir
  spiir-id: "638218915541691191"
  Assets:Checking:Dagligvarer  -72.90 DKK
  Expenses:Food:Groceries  72.90 DKK

2023-06-08 * "Føtex Vesterbrogad" "Dagligvarer" #spiir
  spiir-id: "638218915541691192"
  Assets:Checking:Dagligvarer  -69.50 DKK
  Expenses:Food:Groceries  69.50 DKK

2023-06-09 * "bikester.dk Stuttgart" "Hobby & sportsudstyr" #spiir
  spiir-id: "638218914763904830"
  Assets:Checking:Primary  -1109.00 DKK
  Expenses:Shopping:Sports  1109.00 DKK

2023-06-09 * "EasyPark A/S easypark.dk" "Parkering" #spiir
  spiir-id: "638218915539502814"
  Assets:Checking:Dagligvarer  -18.75 DKK
  Expenses:Car:Parking  18.75 DKK

2023-06-09 * "Cookbook Mount Coolum" "Online services & software" #spiir
  spiir-id: "638218915539502815"
  Assets:Checking:Dagligvarer  -37.17 DKK
  Expenses:Subscriptions:Software  37.17 DKK

2023-06-09 * "AMZN Mktp DE" "Andet privatforbrug" #spiir
  spiir-id: "638218915539502816"
  Assets:Checking:Dagligvarer  -509.49 DKK
  Expenses:Shopping:Other  509.49 DKK

2023-06-09 * "Kft Jylland-Kbh Koebenhavn V" "Dagligvarer" #spiir
  spiir-id: "638218915539502817"
  Assets:Checking:Dagligvarer  -267.87 DKK
  Expenses:Food:Groceries  267.87 DKK

2023-06-09 * "UME ASIAN SUPERMARKET Kobenhavn" "Dagligvarer" #spiir
  spiir-id: "638218915541691188"
  Assets:Checking:Dagligvarer  -44.85 DKK
  Expenses:Food:Groceries  44.85 DKK

2023-06-09 * "MobilePay Coop App" "Dagligvarer" #spiir
  spiir-id: "638219835531613742"
  Assets:Checking:Dagligvarer  -47.00 DKK
  Expenses:Food:Groceries  47.00 DKK

2023-06-12 * "Lidl" "Dagligvarer" #spiir
  spiir-id: "638221548312812736"
  Assets:Checking:Dagligvarer  -65.00 DKK
  Expenses:Food:Groceries  65.00 DKK

2023-06-12 * "Kvickly Hvidovre" "Dagligvarer" #spiir
  spiir-id: "638221548312812737"
  Assets:Checking:Dagligvarer  -284.40 DKK
  Expenses:Food:Groceries  284.40 DKK

2023-06-12 * "Netto Vigerslevvej" "Dagligvarer" #spiir
  spiir-id: "638221548312812738"
  Assets:Checking:Dagligvarer  -297.30 DKK
  Expenses:Food:Groceries  297.30 DKK

2023-06-12 * "Føtex Food Torvepo" "Dagligvarer" #spiir
  spiir-id: "638221548312812739"
  Assets:Checking:Dagligvarer  -110.00 DKK
  Expenses:Food:Groceries  110.00 DKK

2023-06-12 * "French Chicken Hvidovr Hvidovre" "Fastfood & takeaway" #spiir
  spiir-id: "638221548312812740"
  Assets:Checking:Dagligvarer  -134.00 DKK
  Expenses:Food:Takeaway  134.00 DKK

2023-06-12 * "Aldi Oest 037 Hvidovre" "Dagligvarer" #spiir
  spiir-id: "638221548312812741"
  Assets:Checking:Dagligvarer  -7.95 DKK
  Expenses:Food:Groceries  7.95 DKK

2023-06-12 * "Netto Hvidovrevej" "Dagligvarer" #spiir
  spiir-id: "638222388807874666"
  Assets:Checking:Dagligvarer  -134.50 DKK
  Expenses:Food:Groceries  134.50 DKK

2023-06-13 * "Sofix Aps Kobenhavn K" "Bar, cafe & restaurant" #spiir
  spiir-id: "638222388807874665"
  Assets:Checking:Dagligvarer  -110.00 DKK
  Expenses:Food:Restaurant  110.00 DKK

2023-06-13 * "Til Dagligvarer" "Kontooverførsel" #spiir
  spiir-id: "638223237918440369"
  Assets:Checking:Primary  -1000.00 DKK
  Assets:Transfer  1000.00 DKK

2023-06-13 * "Til Dagligvarer" "Kontooverførsel" #spiir
  spiir-id: "638223239766270627"
  Assets:Checking:Dagligvarer  1000.00 DKK
  Assets:Transfer  -1000.00 DKK

2023-06-13 * "Fra Lee Ann Hollesen" "Dagligvarer" #spiir
  spiir-id: "638223239766270628"
  Assets:Checking:Dagligvarer  1000.00 DKK
  Expenses:Food:Groceries  -1000.00 DKK

2023-06-13 * "Autotal I/S" "Værksted & reservedele" #spiir
  spiir-id: "638223239766270629"
  Assets:Checking:Dagligvarer  -435.28 DKK
  Expenses:Car:Service  435.28 DKK

2023-06-13 * "allbuy.dk xRmbU" "" #spiir
  spiir-id: "638223239766270630"
  Assets:Checking:Dagligvarer  -646.00 DKK
  Expenses:Uncategorized  646.00 DKK

2023-06-14 * "Freetrailer +4588537700" "Andet privatforbrug" #spiir
  spiir-id: "638223237918440368"
  Assets:Checking:Primary  -84.00 DKK
  Expenses:Shopping:Other  84.00 DKK

2023-06-14 * "Google Nest g.co/helppayÆ" "Alarmsystem" #spiir
  spiir-id: "638223239766270626"
  Assets:Checking:Dagligvarer  -40.00 DKK
  Expenses:House:Alarm  40.00 DKK

2023-06-14 * "MobilePay Mie Høst Heiden Nielsen" "" #spiir
  spiir-id: "638224129434015192"
  Assets:Checking:Primary  -50.00 DKK
  Expenses:Uncategorized  50.00 DKK

2023-06-14 * "Normal A/S" "Dagligvarer" #spiir
  spiir-id: "638224130675429094"
  Assets:Checking:Dagligvarer  -136.00 DKK
  Expenses:Food:Groceries  136.00 DKK

2023-06-14 * "Bahne City2" "Gaver & velgørenhed" #spiir
  spiir-id: "638224130675429095"
  Assets:Checking:Dagligvarer  -10.00 DKK
  Expenses:Gifts  10.00 DKK

2023-06-14 * "SILVAN 594 City2" "Ombygning & vedligehold" #spiir
  spiir-id: "638224130675429096"
  Assets:Checking:Dagligvarer  -99.95 DKK
  Expenses:House:Renovation  99.95 DKK

2023-06-14 * "Flying Tiger Cph72" "Møbler & boligudstyr" #spiir
  spiir-id: "638224130675429097"
  Assets:Checking:Dagligvarer  -10.00 DKK
  Expenses:Shopping:Furniture  10.00 DKK

2023-06-14 * "Netto Hvidovrevej" "Dagligvarer" #spiir
  spiir-id: "638224130675429098"
  Assets:Checking:Dagligvarer  -616.30 DKK
  Expenses:Food:Groceries  616.30 DKK

2023-06-14 * "Netto Holmen" "Dagligvarer" #spiir
  spiir-id: "638224130675429099"
  Assets:Checking:Dagligvarer  -128.35 DKK
  Expenses:Food:Groceries  128.35 DKK

2023-06-15 * "Field´s" "Parkering" #spiir
  spiir-id: "638224130675429093"
  Assets:Checking:Dagligvarer  -10.00 DKK
  Expenses:Car:Parking  10.00 DKK

2023-06-15 * "Til Dagligvarer" "Kontooverførsel" #spiir
  spiir-id: "638224976928199950"
  Assets:Checking:Primary  -2000.00 DKK
  Assets:Transfer  2000.00 DKK

2023-06-15 * "Kihoskh A/S" "Kiosk, bager & specialbutikker" #spiir
  spiir-id: "638224976928199951"
  Assets:Checking:Primary  -161.00 DKK
  Expenses:Food:Kiosk  161.00 DKK

2023-06-15 * "Nors navngivningsfest" "Kontooverførsel" #spiir
  spiir-id: "638224977989303889"
  Assets:Checking:Dagligvarer  2000.00 DKK
  Assets:Transfer  -2000.00 DKK

2023-06-15 * "Til Dagligvarer" "Dagligvarer" #spiir
  spiir-id: "638224977989303890"
  Assets:Checking:Dagligvarer  2000.00 DKK
  Expenses:Food:Groceries  -2000.00 DKK

2023-06-15 * "www.erhvervs-cykle" "Anden transport" #spiir
  spiir-id: "638224977989303891"
  Assets:Checking:Dagligvarer  -627.00 DKK
  Expenses:Transport:Other  627.00 DKK

2023-06-15 * "Bilka One Stop" "Dagligvarer" #spiir
  spiir-id: "638224977989303892"
  Assets:Checking:Dagligvarer  -1754.30 DKK
  Expenses:Food:Groceries  1754.30 DKK

2023-06-16 * "Ingo Cityringen, Taastrup Taastru" "Brændstof" #spiir
  spiir-id: "638224977989303885"
  Assets:Checking:Dagligvarer  -480.79 DKK
  Expenses:Car:Gas  480.79 DKK

2023-06-16 * "Ikea" "Møbler & boligudstyr" #spiir
  spiir-id: "638224977989303886"
  Assets:Checking:Dagligvarer  -19.00 DKK
  Expenses:Shopping:Furniture  19.00 DKK

2023-06-16 * "Ikea" "Møbler & boligudstyr" #spiir
  spiir-id: "638224977989303887"
  Assets:Checking:Dagligvarer  -423.00 DKK
  Expenses:Shopping:Furniture  423.00 DKK

2023-06-16 * "Wislapolska ApS Kobenhavn O" "Dagligvarer" #spiir
  spiir-id: "638224977989303888"
  Assets:Checking:Dagligvarer  -584.00 DKK
  Expenses:Food:Groceries  584.00 DKK

2023-06-16 * "SILVAN 577 Valby" "Ombygning & vedligehold" #spiir
  spiir-id: "638225828182282565"
  Assets:Checking:Dagligvarer  -339.85 DKK
  Expenses:House:Renovation  339.85 DKK

2023-06-16 * "Føtex Hvidovrevej" "Dagligvarer" #spiir
  spiir-id: "638225828182282566"
  Assets:Checking:Dagligvarer  -196.70 DKK
  Expenses:Food:Groceries  196.70 DKK

2023-06-19 * "Kvickly Hvidovre" "Dagligvarer" #spiir
  spiir-id: "638227629508463732"
  Assets:Checking:Dagligvarer  -394.20 DKK
  Expenses:Food:Groceries  394.20 DKK

2023-06-19 * "Føtex Hvidovrevej" "Dagligvarer" #spiir
  spiir-id: "638227629508463733"
  Assets:Checking:Dagligvarer  -111.85 DKK
  Expenses:Food:Groceries  111.85 DKK

2023-06-19 * "Føtex Food Torvepo" "Dagligvarer" #spiir
  spiir-id: "638227629508463734"
  Assets:Checking:Dagligvarer  -10.95 DKK
  Expenses:Food:Groceries  10.95 DKK

2023-06-19 * "Lidl" "Dagligvarer" #spiir
  spiir-id: "638227629508463735"
  Assets:Checking:Dagligvarer  -12.60 DKK
  Expenses:Food:Groceries  12.60 DKK

2023-06-19 * "Coop365Hørve" "Dagligvarer" #spiir
  spiir-id: "638227629508463736"
  Assets:Checking:Dagligvarer  -105.30 DKK
  Expenses:Food:Groceries  105.30 DKK

2023-06-19 * "Til Dagligvarer" "Kontooverførsel" #spiir
  spiir-id: "638228520009893462"
  Assets:Checking:Primary  -1000.00 DKK
  Assets:Transfer  1000.00 DKK

2023-06-19 * "Fra Lee Ann Hollesen" "Kontooverførsel" #spiir
  spiir-id: "638228521693497405"
  Assets:Checking:Dagligvarer  1000.00 DKK
  Assets:Transfer  -1000.00 DKK

2023-06-19 * "Til Dagligvarer" "Dagligvarer" #spiir
  spiir-id: "638228521693497406"
  Assets:Checking:Dagligvarer  1000.00 DKK
  Expenses:Food:Groceries  -1000.00 DKK

2023-06-19 * "Netto Hvidovrevej" "Dagligvarer" #spiir
  spiir-id: "638228521693497407"
  Assets:Checking:Dagligvarer  -147.25 DKK
  Expenses:Food:Groceries  147.25 DKK

2023-06-20 * "bikester.dk Stuttgart" "Hobby & sportsudstyr" #spiir
  spiir-id: "638228520009893460"
  Assets:Checking:Primary  -1858.00 DKK
  Expenses:Shopping:Sports  1858.00 DKK

2023-06-20 * "AMZN Mktp DE" "Andet privatforbrug" #spiir
  spiir-id: "638228520009893461"
  Assets:Checking:Primary  -1219.85 DKK
  Expenses:Shopping:Other  1219.85 DKK

2023-06-20 * "Apple.Com/Bill" "Online services & software" #spiir
  spiir-id: "638228521693497404"
  Assets:Checking:Dagligvarer  -69.00 DKK
  Expenses:Subscriptions:Software  69.00 DKK

2023-06-21 * "Spotify" "Film, musik & læsestof" #spiir
  spiir-id: "638229356725730145"
  Assets:Checking:Dagligvarer  -124.00 DKK
  Expenses:Entertainment:Media  124.00 DKK

2023-06-21 * "SuperB Brostyk.vej" "Dagligvarer" #spiir
  spiir-id: "638230168121501453"
  Assets:Checking:Dagligvarer  -96.90 DKK
  Expenses:Food:Groceries  96.90 DKK

2023-06-22 * "Le Glas ApS" "Ombygning & vedligehold" #spiir
  spiir-id: "638230168121501452"
  Assets:Checking:Dagligvarer  -1190.00 DKK
  Expenses:House:Renovation  1190.00 DKK

2023-06-22 * "MobilePay Dan Meakin" "Bar, cafe & restaurant" #spiir
  spiir-id: "638231074252539450"
  Assets:Checking:Primary  -145.00 DKK
  Expenses:Food:Restaurant  145.00 DKK

2023-06-22 * "Vesterbro Cykler" "Anden transport" #spiir
  spiir-id: "638231074252539451"
  Assets:Checking:Primary  -1350.00 DKK
  Expenses:Transport:Other  1350.00 DKK

2023-06-23 * "Rejsekort - DSB" "Bus, tog, færge o.l." #spiir
  spiir-id: "638231074252539449"
  Assets:Checking:Primary  -300.00 DKK
  Expenses:Transport:Public  300.00 DKK

2023-06-23 * "Aldi Oest 037 Hvidovre" "Dagligvarer" #spiir
  spiir-id: "638231075523459259"
  Assets:Checking:Dagligvarer  -52.85 DKK
  Expenses:Food:Groceries  52.85 DKK

2023-06-23 * "MobilePay DOT APP" "Bus, tog, færge o.l." #spiir
  spiir-id: "638231889403265852"
  Assets:Checking:Primary  -30.00 DKK
  Expenses:Transport:Public  30.00 DKK

2023-06-23 * "MobilePay" "" #spiir
  spiir-id: "638231890459349776"
  Assets:Checking:Dagligvarer  -270.00 DKK
  Expenses:Uncategorized  270.00 DKK

2023-06-23 * "Netto Hvidovrevej" "Dagligvarer" #spiir
  spiir-id: "638231890459349777"
  Assets:Checking:Dagligvarer  -107.50 DKK
  Expenses:Food:Groceries  107.50 DKK

2023-06-26 * "Havkatten" "Bar, cafe & restaurant" #spiir
  spiir-id: "638233585830679971"
  Assets:Checking:Dagligvarer  -60.00 DKK
  Expenses:Food:Restaurant  60.00 DKK

2023-06-26 * "Havkatten" "Bar, cafe & restaurant" #spiir
  spiir-id: "638233585830679972"
  Assets:Checking:Dagligvarer  -15.00 DKK
  Expenses:Food:Restaurant  15.00 DKK

2023-06-26 * "MobilePay" "" #spiir
  spiir-id: "638233585830679973"
  Assets:Checking:Dagligvarer  -5.00 DKK
  Expenses:Uncategorized  5.00 DKK

2023-06-26 * "MobilePay" "" #spiir
  spiir-id: "638233585830679974"
  Assets:Checking:Dagligvarer  -10.00 DKK
  Expenses:Uncategorized  10.00 DKK

2023-06-26 * "Alice Kobenhavn S" "Bar, cafe & restaurant" #spiir
  spiir-id: "638233585830679975"
  Assets:Checking:Dagligvarer  -50.00 DKK
  Expenses:Food:Restaurant  50.00 DKK

2023-06-26 * "Til Dagligvarer" "Kontooverførsel" #spiir
  spiir-id: "638234467977997532"
  Assets:Checking:Primary  -1000.00 DKK
  Assets:Transfer  1000.00 DKK

2023-06-26 * "MobilePay DOT APP" "Bus, tog, færge o.l." #spiir
  spiir-id: "638234467977997533"
  Assets:Checking:Primary  -24.00 DKK
  Expenses:Transport:Public  24.00 DKK

2023-06-26 * "Til Dagligvarer" "Kontooverførsel" #spiir
  spiir-id: "638234467977997534"
  Assets:Checking:Primary  -500.00 DKK
  Assets:Transfer  500.00 DKK

2023-06-26 * "Til Dagligvarer" "Kontooverførsel" #spiir
  spiir-id: "638234469160517177"
  Assets:Checking:Dagligvarer  1000.00 DKK
  Assets:Transfer  -1000.00 DKK

2023-06-26 * "Fra Lee Ann Hollesen" "Dagligvarer" #spiir
  spiir-id: "638234469160517178"
  Assets:Checking:Dagligvarer  1000.00 DKK
  Expenses:Food:Groceries  -1000.00 DKK

2023-06-26 * "MobilePay" "" #spiir
  spiir-id: "638234469160517179"
  Assets:Checking:Dagligvarer  -217.00 DKK
  Expenses:Uncategorized  217.00 DKK

2023-06-26 * "Kvickly Hvidovre" "Dagligvarer" #spiir
  spiir-id: "638234469160517180"
  Assets:Checking:Dagligvarer  -32.00 DKK
  Expenses:Food:Groceries  32.00 DKK

2023-06-26 * "Coop App IYDRX" "Dagligvarer" #spiir
  spiir-id: "638234469160517181"
  Assets:Checking:Dagligvarer  -196.80 DKK
  Expenses:Food:Groceries  196.80 DKK

2023-06-26 * "MobilePay Kåre Skov Herskind" "" #spiir
  spiir-id: "638234469160517182"
  Assets:Checking:Dagligvarer  -400.00 DKK
  Expenses:Uncategorized  400.00 DKK

2023-06-26 * "Kvickly Hvidovre" "Dagligvarer" #spiir
  spiir-id: "638234469160517183"
  Assets:Checking:Dagligvarer  -91.70 DKK
  Expenses:Food:Groceries  91.70 DKK

2023-06-26 * "spillebillen.dk" "Sport & fritid" #spiir
  spiir-id: "638234469160517184"
  Assets:Checking:Dagligvarer  -100.00 DKK
  Expenses:Entertainment:Sports  100.00 DKK

2023-06-26 * "Netto Vigerslevvej" "Dagligvarer" #spiir
  spiir-id: "638234469160517185"
  Assets:Checking:Dagligvarer  -169.90 DKK
  Expenses:Food:Groceries  169.90 DKK

2023-06-26 * "Til Dagligvarer" "Kontooverførsel" #spiir
  spiir-id: "638234469160517186"
  Assets:Checking:Dagligvarer  500.00 DKK
  Assets:Transfer  -500.00 DKK

2023-06-26 * "Fra Lee Ann Hollesen" "Dagligvarer" #spiir
  spiir-id: "638234469160517187"
  Assets:Checking:Dagligvarer  500.00 DKK
  Expenses:Food:Groceries  -500.00 DKK

2023-06-27 * "MobilePay DOT APP" "Bus, tog, færge o.l." #spiir
  spiir-id: "638234467977997530"
  Assets:Checking:Primary  -30.00 DKK
  Expenses:Transport:Public  30.00 DKK

2023-06-27 * "hiper.dk" "Telefoni & internet" #spiir
  spiir-id: "638234467977997531"
  Assets:Checking:Primary  -218.90 DKK
  Expenses:Subscriptions:Telecom  218.90 DKK

2023-06-27 * "Copenhagen Cable Kobenha" "Bar, cafe & restaurant" #spiir
  spiir-id: "638234469160517175"
  Assets:Checking:Dagligvarer  -55.00 DKK
  Expenses:Food:Restaurant  55.00 DKK

2023-06-27 * "Cafe Brunch Istanbul Valby" "Bar, cafe & restaurant" #spiir
  spiir-id: "638234469160517176"
  Assets:Checking:Dagligvarer  -526.00 DKK
  Expenses:Food:Restaurant  526.00 DKK

2023-06-27 * "Bog & Ide" "Film, musik & læsestof" #spiir
  spiir-id: "638235360536830092"
  Assets:Checking:Primary  -26.95 DKK
  Expenses:Entertainment:Media  26.95 DKK

2023-06-27 * "jem&fix Herlev" "Ombygning & vedligehold" #spiir
  spiir-id: "638235361649508791"
  Assets:Checking:Dagligvarer  -198.40 DKK
  Expenses:House:Renovation  198.40 DKK

2023-06-27 * "tipster.dk 061-7" "" #spiir
  spiir-id: "638235361649508792"
  Assets:Checking:Dagligvarer  -470.00 DKK
  Expenses:Uncategorized  470.00 DKK

2023-06-28 * "MobilePay Orion Madsen" "Gaver & velgørenhed" #spiir
  spiir-id: "638235360536830090"
  Assets:Checking:Primary  -500.00 DKK
  Expenses:Gifts  500.00 DKK

2023-06-28 * "Etsy.com - HannahCatherin Dublin" "Tøj, sko & accessories" #spiir
  spiir-id: "638235360536830091"
  Assets:Checking:Primary  -632.98 DKK
  Expenses:Shopping:Clothing  632.98 DKK

2023-06-28 * "Vuggestativ" "Kontooverførsel" #spiir
  spiir-id: "638236187535272148"
  Assets:Checking:Primary  -350.00 DKK
  Assets:Transfer  350.00 DKK

2023-06-28 * "MobilePay Nicolai Holm" "" #spiir
  spiir-id: "638236187535272149"
  Assets:Checking:Primary  350.00 DKK
  Expenses:Uncategorized  -350.00 DKK

2023-06-28 * "Vuggestativ" "Kontooverførsel" #spiir
  spiir-id: "638236188460125653"
  Assets:Checking:Dagligvarer  350.00 DKK
  Assets:Transfer  -350.00 DKK

2023-06-28 * "MobilePay Coop App" "Dagligvarer" #spiir
  spiir-id: "638236188460125654"
  Assets:Checking:Dagligvarer  -42.65 DKK
  Expenses:Food:Groceries  42.65 DKK

2023-06-28 * "MobilePay HIND MARKED V/ HASSAN A H" "Dagligvarer" #spiir
  spiir-id: "638236188460125655"
  Assets:Checking:Dagligvarer  -42.00 DKK
  Expenses:Food:Groceries  42.00 DKK

2023-06-29 * "SKAT Restskat" "Restskat" #spiir
  spiir-id: "638236187535272147"
  Assets:Checking:Primary  -20126.00 DKK
  Expenses:Tax:Back-Tax  20126.00 DKK

2023-06-29 * "selvbetjening.id-p 89K6W" "Offentligt gebyr" #spiir
  spiir-id: "638237167201224630"
  Assets:Checking:Dagligvarer  -150.00 DKK
  Expenses:Tax:Fees  150.00 DKK

2023-06-30 * "Huslån - PRM" "Kontooverførsel" #spiir
  spiir-id: "638237165670117567"
  Assets:Checking:Primary  -7625.33 DKK
  Assets:Transfer  7625.33 DKK

2023-06-30 * "Nedbetaling huslån - PRM" "Kontooverførsel" #spiir
  spiir-id: "638237165670117568"
  Assets:Checking:Primary  -7625.33 DKK
  Assets:Transfer  7625.33 DKK

2023-06-30 * "Huslån - LAH" "Kontooverførsel" #spiir
  spiir-id: "638237166488250499"
  Assets:Checking:Fixed  7625.33 DKK
  Assets:Transfer  -7625.33 DKK

2023-06-30 * "Huslån - PRM" "Kontooverførsel" #spiir
  spiir-id: "638237166488250500"
  Assets:Checking:Fixed  7625.33 DKK
  Assets:Transfer  -7625.33 DKK

2023-06-30 * "Realkredit Danmark" "Boliglån/husleje" #spiir
  spiir-id: "638237166488250501"
  Assets:Checking:Fixed  -15241.05 DKK
  Expenses:House:Mortgage  15241.05 DKK

2023-07-01 * "Lønoverførsel" "Løn" #spiir
  spiir-id: "638237165670117566"
  Assets:Checking:Primary  41049.33 DKK
  Income:Salary  -41049.33 DKK

2023-07-02 * "MobilePay EASY PARK A/S" "Parkering" #spiir
  spiir-id: "638238820112187439"
  Assets:Checking:Dagligvarer  -45.39 DKK
  Expenses:Car:Parking  45.39 DKK

2023-07-03 * "Tandforsikring - PRM" "Kontooverførsel" #spiir
  spiir-id: "638239767219730143"
  Assets:Checking:Primary  -60.00 DKK
  Assets:Transfer  60.00 DKK

2023-07-03 * "Spotify" "Kontooverførsel" #spiir
  spiir-id: "638239767219730144"
  Assets:Checking:Primary  -97.00 DKK
  Assets:Transfer  97.00 DKK

2023-07-03 * "Bilforsikr, afgift - PRM" "Kontooverførsel" #spiir
  spiir-id: "638239767219730145"
  Assets:Checking:Primary  -250.00 DKK
  Assets:Transfer  250.00 DKK

2023-07-03 * "Hus, indboforsikr - PRM" "Kontooverførsel" #spiir
  spiir-id: "638239767219730146"
  Assets:Checking:Primary  -347.00 DKK
  Assets:Transfer  347.00 DKK

2023-07-03 * "El, vand og varme - PRM" "Kontooverførsel" #spiir
  spiir-id: "638239767219730147"
  Assets:Checking:Primary  -1084.00 DKK
  Assets:Transfer  1084.00 DKK

2023-07-03 * "Ejendommensskat - PRM" "Kontooverførsel" #spiir
  spiir-id: "638239767219730148"
  Assets:Checking:Primary  -1224.50 DKK
  Assets:Transfer  1224.50 DKK

2023-07-03 * "Vuggestue - PRM" "Kontooverførsel" #spiir
  spiir-id: "638239767219730149"
  Assets:Checking:Primary  -2010.50 DKK
  Assets:Transfer  2010.50 DKK

2023-07-03 * "Dagligvarer - PRM" "Kontooverførsel" #spiir
  spiir-id: "638239767219730150"
  Assets:Checking:Primary  -3500.00 DKK
  Assets:Transfer  3500.00 DKK

2023-07-03 * "iCloud Fastefæll.udgifte" "Kontooverførsel" #spiir
  spiir-id: "638239767219730151"
  Assets:Checking:Primary  69.00 DKK
  Assets:Transfer  -69.00 DKK

2023-07-03 * "hiper.dk" "Telefoni & internet" #spiir
  spiir-id: "638239767219730152"
  Assets:Checking:Primary  -199.00 DKK
  Expenses:Subscriptions:Telecom  199.00 DKK

2023-07-03 * "hiper.dk" "Telefoni & internet" #spiir
  spiir-id: "638239767219730153"
  Assets:Checking:Primary  -289.00 DKK
  Expenses:Subscriptions:Telecom  289.00 DKK

2023-07-03 * "Eu.Store.Ui.Com S-Gravenhage" "Elektronik & computerudstyr" #spiir
  spiir-id: "638239767219730154"
  Assets:Checking:Primary  -1351.74 DKK
  Expenses:Shopping:Electronics  1351.74 DKK

2023-07-03 * "3 Danmark Koebenhavn SV" "Telefoni & internet" #spiir
  spiir-id: "638239767219730155"
  Assets:Checking:Primary  -160.00 DKK
  Expenses:Subscriptions:Telecom  160.00 DKK

2023-07-03 * "Tandforsikring - LAH" "Kontooverførsel" #spiir
  spiir-id: "638239768334173459"
  Assets:Checking:Fixed  60.00 DKK
  Assets:Transfer  -60.00 DKK

2023-07-03 * "Spotify" "Kontooverførsel" #spiir
  spiir-id: "638239768334173460"
  Assets:Checking:Fixed  97.00 DKK
  Assets:Transfer  -97.00 DKK

2023-07-03 * "Bilforsikr, afgift - LAH" "Kontooverførsel" #spiir
  spiir-id: "638239768334173461"
  Assets:Checking:Fixed  250.00 DKK
  Assets:Transfer  -250.00 DKK

2023-07-03 * "Hus, indboforsikr - LAH" "Kontooverførsel" #spiir
  spiir-id: "638239768334173462"
  Assets:Checking:Fixed  347.00 DKK
  Assets:Transfer  -347.00 DKK

2023-07-03 * "El, vand og varme - LAH" "Kontooverførsel" #spiir
  spiir-id: "638239768334173463"
  Assets:Checking:Fixed  1084.00 DKK
  Assets:Transfer  -1084.00 DKK

2023-07-03 * "Ejendomsskat - LAH" "Kontooverførsel" #spiir
  spiir-id: "638239768334173464"
  Assets:Checking:Fixed  1224.50 DKK
  Assets:Transfer  -1224.50 DKK

2023-07-03 * "Vuggestue - LAH" "Kontooverførsel" #spiir
  spiir-id: "638239768334173465"
  Assets:Checking:Fixed  2010.50 DKK
  Assets:Transfer  -2010.50 DKK

2023-07-03 * "Tandforsikring - PRM" "Sundheds- & sygeforsikring" #spiir
  spiir-id: "638239768334173466"
  Assets:Checking:Fixed  60.00 DKK
  Expenses:Insurance:Health  -60.00 DKK

2023-07-03 * "Spotify" "Film, musik & læsestof" #spiir
  spiir-id: "638239768334173467"
  Assets:Checking:Fixed  97.00 DKK
  Expenses:Entertainment:Media  -97.00 DKK

2023-07-03 * "Bilforsikr, afgift - PRM" "Bilforsikring & autohjælp" #spiir
  spiir-id: "638239768334173468"
  Assets:Checking:Fixed  250.00 DKK
  Expenses:Car:Insurance  -250.00 DKK

2023-07-03 * "Hus, indboforsikr - PRM" "Husforsikring" #spiir
  spiir-id: "638239768334173469"
  Assets:Checking:Fixed  347.00 DKK
  Expenses:House:Insurance  -347.00 DKK

2023-07-03 * "El, vand og varme - PRM" "El, vand, varme & renovation" #spiir
  spiir-id: "638239768334173470"
  Assets:Checking:Fixed  1084.00 DKK
  Expenses:House:Heating  -1084.00 DKK

2023-07-03 * "Ejendommensskat - PRM" "Ejendomsskat" #spiir
  spiir-id: "638239768334173471"
  Assets:Checking:Fixed  1224.50 DKK
  Expenses:House:Tax  -1224.50 DKK

2023-07-03 * "Vuggestue - PRM" "Institution" #spiir
  spiir-id: "638239768334173472"
  Assets:Checking:Fixed  2010.50 DKK
  Expenses:Kids:Institution  -2010.50 DKK

2023-07-03 * "iCloud" "Kontooverførsel" #spiir
  spiir-id: "638239768334173473"
  Assets:Checking:Fixed  -69.00 DKK
  Assets:Transfer  69.00 DKK

2023-07-03 * "Tryg" "Indbo- & familieforsikring" #spiir
  spiir-id: "638239768334173474"
  Assets:Checking:Fixed  -301.68 DKK
  Expenses:House:Contents-Insurance  301.68 DKK

2023-07-03 * "Tryg" "Indbo- & familieforsikring" #spiir
  spiir-id: "638239768334173475"
  Assets:Checking:Fixed  -378.52 DKK
  Expenses:House:Contents-Insurance  378.52 DKK

2023-07-03 * "Fællesudgifter" "Kontooverførsel" #spiir
  spiir-id: "638239769188065333"
  Assets:Checking:Dagligvarer  3500.00 DKK
  Assets:Transfer  -3500.00 DKK

2023-07-03 * "Dagligvarer - PRM" "Dagligvarer" #spiir
  spiir-id: "638239769188065334"
  Assets:Checking:Dagligvarer  3500.00 DKK
  Expenses:Food:Groceries  -3500.00 DKK

2023-07-03 * "Lidl" "Dagligvarer" #spiir
  spiir-id: "638239769188065335"
  Assets:Checking:Dagligvarer  -167.70 DKK
  Expenses:Food:Groceries  167.70 DKK

2023-07-03 * "SILVAN 577 Valby" "Ombygning & vedligehold" #spiir
  spiir-id: "638239769188065336"
  Assets:Checking:Dagligvarer  -126.75 DKK
  Expenses:House:Renovation  126.75 DKK

2023-07-03 * "MobilePay" "" #spiir
  spiir-id: "638239769188065337"
  Assets:Checking:Dagligvarer  -650.00 DKK
  Expenses:Uncategorized  650.00 DKK

2023-07-03 * "AMZN Mktp DE" "Andet privatforbrug" #spiir
  spiir-id: "638239769188065338"
  Assets:Checking:Dagligvarer  -696.82 DKK
  Expenses:Shopping:Other  696.82 DKK

2023-07-03 * "Ingo Kbh. Sv Vasbygade 4 Kobenha" "Brændstof" #spiir
  spiir-id: "638239769188065339"
  Assets:Checking:Dagligvarer  -278.11 DKK
  Expenses:Car:Gas  278.11 DKK

2023-07-03 * "Apple.Com/Bill" "Online services & software" #spiir
  spiir-id: "638239769188065340"
  Assets:Checking:Dagligvarer  -89.00 DKK
  Expenses:Subscriptions:Software  89.00 DKK

2023-07-03 * "MAMMAMIA ApS" "Bar, cafe & restaurant" #spiir
  spiir-id: "638239769188065341"
  Assets:Checking:Dagligvarer  -272.50 DKK
  Expenses:Food:Restaurant  272.50 DKK

2023-07-03 * "Spotify" "Film, musik & læsestof" #spiir
  spiir-id: "638240552873903235"
  Assets:Checking:Fixed  -496.00 DKK
  Expenses:Entertainment:Media  496.00 DKK

2023-07-03 * "Ejendomsskat" "Ejendomsskat" #spiir
  spiir-id: "638240552873903236"
  Assets:Checking:Fixed  -14346.98 DKK
  Expenses:House:Tax  14346.98 DKK

2023-07-04 * "Toolbeer.Dk Copenhagen" "Tobak & alkohol" #spiir
  spiir-id: "638240552213272693"
  Assets:Checking:Primary  -145.30 DKK
  Expenses:Food:Alcohol  145.30 DKK

2023-07-04 * "World Cup Hallen Roedovre" "Sport & fritid" #spiir
  spiir-id: "638240553210937105"
  Assets:Checking:Dagligvarer  -54.00 DKK
  Expenses:Entertainment:Sports  54.00 DKK

2023-07-04 * "Lidl" "Dagligvarer" #spiir
  spiir-id: "638240553210937106"
  Assets:Checking:Dagligvarer  -191.18 DKK
  Expenses:Food:Groceries  191.18 DKK

2023-07-04 * "Kirppu Valby" "Tøj, sko & accessories" #spiir
  spiir-id: "638240553210937107"
  Assets:Checking:Dagligvarer  -20.00 DKK
  Expenses:Shopping:Clothing  20.00 DKK

2023-07-05 * "MobilePay PostNord Danmark Told" "Andet privatforbrug" #spiir
  spiir-id: "638242221474601065"
  Assets:Checking:Primary  -250.00 DKK
  Expenses:Shopping:Other  250.00 DKK

2023-07-06 * "Hvidovre kommune" "Institution" #spiir
  spiir-id: "638242222317528943"
  Assets:Checking:Fixed  -4021.00 DKK
  Expenses:Kids:Institution  4021.00 DKK

2023-07-06 * "Evida Service Nord A/S" "El, vand, varme & renovation" #spiir
  spiir-id: "638242222317528944"
  Assets:Checking:Fixed  -216.62 DKK
  Expenses:House:Heating  216.62 DKK

2023-07-06 * "Parkman" "Parkering" #spiir
  spiir-id: "638242222676640464"
  Assets:Checking:Dagligvarer  -34.71 DKK
  Expenses:Car:Parking  34.71 DKK

2023-07-06 * "Lidl" "Dagligvarer" #spiir
  spiir-id: "638242222676640465"
  Assets:Checking:Dagligvarer  -295.16 DKK
  Expenses:Food:Groceries  295.16 DKK

2023-07-07 * "Boulders ApS" "Sport & fritid" #spiir
  spiir-id: "638243083394859418"
  Assets:Checking:Dagligvarer  -125.00 DKK
  Expenses:Entertainment:Sports  125.00 DKK

2023-07-07 * "Netto Valby Maskin" "Dagligvarer" #spiir
  spiir-id: "638243975377042218"
  Assets:Checking:Dagligvarer  -95.50 DKK
  Expenses:Food:Groceries  95.50 DKK

2023-07-09 * "MobilePay EASY PARK A/S" "Parkering" #spiir
  spiir-id: "638244815361477381"
  Assets:Checking:Dagligvarer  -20.00 DKK
  Expenses:Car:Parking  20.00 DKK

2023-07-10 * "Rødvig Kro & Badeh" "Bar, cafe & restaurant" #spiir
  spiir-id: "638245743671632972"
  Assets:Checking:Dagligvarer  -1300.00 DKK
  Expenses:Food:Restaurant  1300.00 DKK

2023-07-10 * "Coop App KMSMV" "Dagligvarer" #spiir
  spiir-id: "638246628033161443"
  Assets:Checking:Dagligvarer  -224.15 DKK
  Expenses:Food:Groceries  224.15 DKK

2023-07-11 * "Alsaadi Greens Koebenhavn N" "Dagligvarer" #spiir
  spiir-id: "638246628033161440"
  Assets:Checking:Dagligvarer  -77.00 DKK
  Expenses:Food:Groceries  77.00 DKK

2023-07-11 * "Andersen & Mailla Kobenha" "Bar, cafe & restaurant" #spiir
  spiir-id: "638246628033161441"
  Assets:Checking:Dagligvarer  -70.00 DKK
  Expenses:Food:Restaurant  70.00 DKK

2023-07-11 * "Roll n Eat // Greve Koebenhavn Oe" "Fastfood & takeaway" #spiir
  spiir-id: "638246628033161442"
  Assets:Checking:Dagligvarer  -144.00 DKK
  Expenses:Food:Takeaway  144.00 DKK

2023-07-11 * "tipster.dk 164-2" "" #spiir
  spiir-id: "638247515326874804"
  Assets:Checking:Primary  -150.00 DKK
  Expenses:Uncategorized  150.00 DKK

2023-07-12 * "Send.Gls.Dk Kolding" "Andet privatforbrug" #spiir
  spiir-id: "638247515326874803"
  Assets:Checking:Primary  -110.00 DKK
  Expenses:Shopping:Other  110.00 DKK

2023-07-13 * "Kvickly Hvidovre" "Dagligvarer" #spiir
  spiir-id: "638249181567768712"
  Assets:Checking:Dagligvarer  -283.80 DKK
  Expenses:Food:Groceries  283.80 DKK

2023-07-14 * "Google Nest g.co/helppayÆ" "Alarmsystem" #spiir
  spiir-id: "638249181567768711"
  Assets:Checking:Dagligvarer  -40.00 DKK
  Expenses:House:Alarm  40.00 DKK

2023-07-14 * "Vesterbro Cykler" "Anden transport" #spiir
  spiir-id: "638250041838202155"
  Assets:Checking:Primary  -69.00 DKK
  Expenses:Transport:Other  69.00 DKK

2023-07-14 * "MobilePay Dariusz Pawel Piekniewski" "" #spiir
  spiir-id: "638250042720082701"
  Assets:Checking:Dagligvarer  -250.00 DKK
  Expenses:Uncategorized  250.00 DKK

2023-07-14 * "Netto Hvidovrevej" "Dagligvarer" #spiir
  spiir-id: "638250042720082702"
  Assets:Checking:Dagligvarer  -250.95 DKK
  Expenses:Food:Groceries  250.95 DKK

2023-07-15 * "MobilePay EASY PARK A/S" "Parkering" #spiir
  spiir-id: "638250042720082700"
  Assets:Checking:Dagligvarer  -4.27 DKK
  Expenses:Car:Parking  4.27 DKK

2023-07-15 * "Niels Theresa" "" #spiir
  spiir-id: "638250909499602748"
  Assets:Checking:Dagligvarer  -1000.00 DKK
  Expenses:Uncategorized  1000.00 DKK

2023-07-17 * "Lidl" "Dagligvarer" #spiir
  spiir-id: "638251787398480459"
  Assets:Checking:Dagligvarer  -261.11 DKK
  Expenses:Food:Groceries  261.11 DKK

2023-07-17 * "Lidl" "Dagligvarer" #spiir
  spiir-id: "638251787398480460"
  Assets:Checking:Dagligvarer  -421.25 DKK
  Expenses:Food:Groceries  421.25 DKK

2023-07-17 * "Lidl" "Dagligvarer" #spiir
  spiir-id: "638251787398480461"
  Assets:Checking:Dagligvarer  -353.46 DKK
  Expenses:Food:Groceries  353.46 DKK

2023-07-18 * "Ahollesen" "" #spiir
  spiir-id: "638252715448842868"
  Assets:Checking:Dagligvarer  -388.18 DKK
  Expenses:Uncategorized  388.18 DKK

2023-07-18 * "Ahollesen" "" #spiir
  spiir-id: "638252715448842869"
  Assets:Checking:Dagligvarer  -139.74 DKK
  Expenses:Uncategorized  139.74 DKK

2023-07-18 * "Til Dagligvarer" "Kontooverførsel" #spiir
  spiir-id: "638253595896306550"
  Assets:Checking:Primary  -1500.00 DKK
  Assets:Transfer  1500.00 DKK

2023-07-18 * "Til Dagligvarer" "Kontooverførsel" #spiir
  spiir-id: "638253597280510713"
  Assets:Checking:Dagligvarer  1500.00 DKK
  Assets:Transfer  -1500.00 DKK

2023-07-18 * "Fra Lee Ann Hollesen" "Dagligvarer" #spiir
  spiir-id: "638253597280510714"
  Assets:Checking:Dagligvarer  1500.00 DKK
  Expenses:Food:Groceries  -1500.00 DKK

2023-07-18 * "Fra Lee Ann Hollesen" "Dagligvarer" #spiir
  spiir-id: "638253597280510715"
  Assets:Checking:Dagligvarer  150.00 DKK
  Expenses:Food:Groceries  -150.00 DKK

2023-07-18 * "MobilePay" "" #spiir
  spiir-id: "638253597280510716"
  Assets:Checking:Dagligvarer  -150.00 DKK
  Expenses:Uncategorized  150.00 DKK

2023-07-19 * "Boulders ApS" "Sport & fritid" #spiir
  spiir-id: "638253595896306549"
  Assets:Checking:Primary  -125.00 DKK
  Expenses:Entertainment:Sports  125.00 DKK

2023-07-19 * "Netto Valby Maskin" "Dagligvarer" #spiir
  spiir-id: "638253597280510709"
  Assets:Checking:Dagligvarer  -19.50 DKK
  Expenses:Food:Groceries  19.50 DKK

2023-07-19 * "Spotify" "Film, musik & læsestof" #spiir
  spiir-id: "638253597280510710"
  Assets:Checking:Dagligvarer  -124.00 DKK
  Expenses:Entertainment:Media  124.00 DKK

2023-07-19 * "Lidl" "Dagligvarer" #spiir
  spiir-id: "638253597280510711"
  Assets:Checking:Dagligvarer  -368.58 DKK
  Expenses:Food:Groceries  368.58 DKK

2023-07-19 * "Lidl" "Dagligvarer" #spiir
  spiir-id: "638253597280510712"
  Assets:Checking:Dagligvarer  -69.00 DKK
  Expenses:Food:Groceries  69.00 DKK

2023-07-20 * "Børnepenge - PRM" "Kontooverførsel" #spiir
  spiir-id: "638254443238288385"
  Assets:Checking:Primary  -2327.00 DKK
  Assets:Transfer  2327.00 DKK

2023-07-20 * "Børne- og Ungeydelse" "Børnepenge" #spiir
  spiir-id: "638254443238601389"
  Assets:Checking:Primary  4746.00 DKK
  Income:ChildBenefit  -4746.00 DKK

2023-07-20 * "Børnepenge - LAH" "Kontooverførsel" #spiir
  spiir-id: "638254443781112305"
  Assets:Checking:Fixed  2327.00 DKK
  Assets:Transfer  -2327.00 DKK

2023-07-20 * "Børnepenge - PRM" "Børnepenge" #spiir
  spiir-id: "638254443781112306"
  Assets:Checking:Fixed  2327.00 DKK
  Income:ChildBenefit  -2327.00 DKK

2023-07-20 * "Apple.Com/Bill" "Online services & software" #spiir
  spiir-id: "638254444328482266"
  Assets:Checking:Dagligvarer  -69.00 DKK
  Expenses:Subscriptions:Software  69.00 DKK

2023-07-20 * "MobilePay GRØNTSAGER GRANTOFTEGAARD" "Gaver & velgørenhed" #spiir
  spiir-id: "638255225903269529"
  Assets:Checking:Dagligvarer  -20.00 DKK
  Expenses:Gifts  20.00 DKK

2023-07-21 * "Udl. kortbetaling, 1.50% af DKK -62" "Bankgebyrer" #spiir
  spiir-id: "638255224689660573"
  Assets:Checking:Primary  -0.94 DKK
  Expenses:Bank:Fees  0.94 DKK

2023-07-21 * "Audible*WE8DJ4ZQ3 Amzn.com/bill" "" #spiir
  spiir-id: "638255224689660574"
  Assets:Checking:Primary  -62.41 DKK
  Expenses:Uncategorized  62.41 DKK

2023-07-21 * "Udl. kortbetaling, 1.50% af DKK -38" "Bankgebyrer" #spiir
  spiir-id: "638255224689660575"
  Assets:Checking:Primary  -0.58 DKK
  Expenses:Bank:Fees  0.58 DKK

2023-07-21 * "Kindle Svcs*KG36C69Z3 888-802-308" "Online services & software" #spiir
  spiir-id: "638255224689660576"
  Assets:Checking:Primary  -38.69 DKK
  Expenses:Subscriptions:Software  38.69 DKK

2023-07-21 * "MobilePay EASY PARK A/S" "Parkering" #spiir
  spiir-id: "638255225903269528"
  Assets:Checking:Dagligvarer  -64.69 DKK
  Expenses:Car:Parking  64.69 DKK

2023-07-21 * "Kihoskh A/S" "Kiosk, bager & specialbutikker" #spiir
  spiir-id: "638256060319246720"
  Assets:Checking:Primary  -105.00 DKK
  Expenses:Food:Kiosk  105.00 DKK

2023-07-21 * "Føtex Ballerup" "Dagligvarer" #spiir
  spiir-id: "638256061392552669"
  Assets:Checking:Dagligvarer  -18.00 DKK
  Expenses:Food:Groceries  18.00 DKK

2023-07-21 * "Føtex Friheden" "Dagligvarer" #spiir
  spiir-id: "638256061392552670"
  Assets:Checking:Dagligvarer  -332.90 DKK
  Expenses:Food:Groceries  332.90 DKK

2023-07-24 * "cykelshoppen.dk" "Anden transport" #spiir
  spiir-id: "638257804694015152"
  Assets:Checking:Primary  -668.00 DKK
  Expenses:Transport:Other  668.00 DKK

2023-07-24 * "MED24.dk" "Apotek & medicin" #spiir
  spiir-id: "638257806072321466"
  Assets:Checking:Dagligvarer  -317.04 DKK
  Expenses:Health:Pharmacy  317.04 DKK

2023-07-24 * "Kft Jylland-Kbh Koebenhavn V" "Dagligvarer" #spiir
  spiir-id: "638257806072321467"
  Assets:Checking:Dagligvarer  -169.90 DKK
  Expenses:Food:Groceries  169.90 DKK

2023-07-24 * "Shell Express-9315 Hvidovre" "Brændstof" #spiir
  spiir-id: "638257806072321468"
  Assets:Checking:Dagligvarer  -100.39 DKK
  Expenses:Car:Gas  100.39 DKK

2023-07-24 * "Netto Hvidovrevej" "Dagligvarer" #spiir
  spiir-id: "638258646636400644"
  Assets:Checking:Dagligvarer  -302.75 DKK
  Expenses:Food:Groceries  302.75 DKK

2023-07-25 * "Bar 1 - Tolv Haner Kobenhavn N" "Bar, cafe & restaurant" #spiir
  spiir-id: "638258646636259625"
  Assets:Checking:Dagligvarer  -35.00 DKK
  Expenses:Food:Restaurant  35.00 DKK

2023-07-25 * "AMZ*Dacufe Bricolage S 800-279-66" "Film, musik & læsestof" #spiir
  spiir-id: "638258646636259626"
  Assets:Checking:Dagligvarer  571.36 DKK
  Expenses:Entertainment:Media  -571.36 DKK

2023-07-25 * "Kennedys Irish Bar" "Bar, cafe & restaurant" #spiir
  spiir-id: "638259539049396761"
  Assets:Checking:Primary  -125.00 DKK
  Expenses:Food:Restaurant  125.00 DKK

2023-07-25 * "Kennedys Irish Bar" "Bar, cafe & restaurant" #spiir
  spiir-id: "638259539049396762"
  Assets:Checking:Primary  -125.00 DKK
  Expenses:Food:Restaurant  125.00 DKK

2023-07-25 * "COOP Kvickly Spind" "Dagligvarer" #spiir
  spiir-id: "638259540499093663"
  Assets:Checking:Dagligvarer  -361.90 DKK
  Expenses:Food:Groceries  361.90 DKK

2023-07-25 * "MobilePay" "" #spiir
  spiir-id: "638259540499093664"
  Assets:Checking:Dagligvarer  -92.00 DKK
  Expenses:Uncategorized  92.00 DKK

2023-07-25 * "Coop App MQ4TS" "Dagligvarer" #spiir
  spiir-id: "638259540499093665"
  Assets:Checking:Dagligvarer  -52.95 DKK
  Expenses:Food:Groceries  52.95 DKK

2023-07-25 * "Spejder Sport" "Tøj, sko & accessories" #spiir
  spiir-id: "638259540499093666"
  Assets:Checking:Dagligvarer  -909.30 DKK
  Expenses:Shopping:Clothing  909.30 DKK

2023-07-25 * "DSB 7-Eleven Veste" "Kiosk, bager & specialbutikker" #spiir
  spiir-id: "638259540499093667"
  Assets:Checking:Dagligvarer  -40.00 DKK
  Expenses:Food:Kiosk  40.00 DKK

2023-07-26 * "Fra Lee Ann Hollesen" "Kontooverførsel" #spiir
  spiir-id: "638259540499093662"
  Assets:Checking:Dagligvarer  1000.00 DKK
  Assets:Transfer  -1000.00 DKK

2023-07-26 * "Til Dagligvarer" "Kontooverførsel" #spiir
  spiir-id: "638260382940546639"
  Assets:Checking:Primary  -1000.00 DKK
  Assets:Transfer  1000.00 DKK

2023-07-26 * "Til Dagligvarer" "Dagligvarer" #spiir
  spiir-id: "638260384522767294"
  Assets:Checking:Dagligvarer  1000.00 DKK
  Expenses:Food:Groceries  -1000.00 DKK

2023-07-27 * "AMZN Mktp DE" "Andet privatforbrug" #spiir
  spiir-id: "638260384522611419"
  Assets:Checking:Dagligvarer  -975.50 DKK
  Expenses:Shopping:Other  975.50 DKK

2023-07-27 * "Til Dagligvarer" "Kontooverførsel" #spiir
  spiir-id: "638261242706790657"
  Assets:Checking:Primary  -1000.00 DKK
  Assets:Transfer  1000.00 DKK

2023-07-27 * "Til Dagligvarer" "Kontooverførsel" #spiir
  spiir-id: "638261244586465829"
  Assets:Checking:Dagligvarer  1000.00 DKK
  Assets:Transfer  -1000.00 DKK

2023-07-27 * "Fra Lee Ann Hollesen" "Dagligvarer" #spiir
  spiir-id: "638261244586465830"
  Assets:Checking:Dagligvarer  1000.00 DKK
  Expenses:Food:Groceries  -1000.00 DKK

2023-07-27 * "MobilePay" "" #spiir
  spiir-id: "638261244586465831"
  Assets:Checking:Dagligvarer  -500.00 DKK
  Expenses:Uncategorized  500.00 DKK

2023-07-27 * "MobilePay" "" #spiir
  spiir-id: "638261244586465832"
  Assets:Checking:Dagligvarer  -154.00 DKK
  Expenses:Uncategorized  154.00 DKK

2023-07-27 * "MobilePay" "" #spiir
  spiir-id: "638261244586465833"
  Assets:Checking:Dagligvarer  -650.00 DKK
  Expenses:Uncategorized  650.00 DKK

2023-07-27 * "Netto Valby Maskin" "Dagligvarer" #spiir
  spiir-id: "638261244586465834"
  Assets:Checking:Dagligvarer  -49.45 DKK
  Expenses:Food:Groceries  49.45 DKK

2023-07-27 * "Føtex Amagercent" "Dagligvarer" #spiir
  spiir-id: "638261244586465835"
  Assets:Checking:Dagligvarer  -93.50 DKK
  Expenses:Food:Groceries  93.50 DKK

2023-07-27 * "Parkering Amagerce" "Parkering" #spiir
  spiir-id: "638261244586465836"
  Assets:Checking:Dagligvarer  -24.00 DKK
  Expenses:Car:Parking  24.00 DKK

2023-07-28 * "UME ASIAN SUPERMARKET Kobenhavn S" "Dagligvarer" #spiir
  spiir-id: "638261244586465825"
  Assets:Checking:Dagligvarer  -164.65 DKK
  Expenses:Food:Groceries  164.65 DKK

2023-07-28 * "7-11 B488 Opt Vanloese" "Brændstof" #spiir
  spiir-id: "638261244586465826"
  Assets:Checking:Dagligvarer  -200.35 DKK
  Expenses:Car:Gas  200.35 DKK

2023-07-28 * "Vietnams Supermarked Kobenhavn S" "Dagligvarer" #spiir
  spiir-id: "638261244586465827"
  Assets:Checking:Dagligvarer  -366.75 DKK
  Expenses:Food:Groceries  366.75 DKK

2023-07-28 * "MobilePay EASY PARK A/S" "Parkering" #spiir
  spiir-id: "638261244586465828"
  Assets:Checking:Dagligvarer  -23.80 DKK
  Expenses:Car:Parking  23.80 DKK

2023-07-28 * "børneloppen.dk" "Tøj, sko & accessories" #spiir
  spiir-id: "638262098096728761"
  Assets:Checking:Dagligvarer  -220.00 DKK
  Expenses:Shopping:Clothing  220.00 DKK

2023-07-31 * "Huslån - PRM" "Kontooverførsel" #spiir
  spiir-id: "638274287489559147"
  Assets:Checking:Primary  -8947.08 DKK
  Assets:Transfer  8947.08 DKK

2023-07-31 * "Nedbetaling huslån - PRM" "Kontooverførsel" #spiir
  spiir-id: "638274287489559148"
  Assets:Checking:Primary  -8947.08 DKK
  Assets:Transfer  8947.08 DKK

2023-07-31 * "Flying Couch ApS Kobenha" "Bar, cafe & restaurant" #spiir
  spiir-id: "638274287489559149"
  Assets:Checking:Primary  -48.50 DKK
  Expenses:Food:Restaurant  48.50 DKK

2023-07-31 * "Huslån - LAH" "Kontooverførsel" #spiir
  spiir-id: "638274288330957589"
  Assets:Checking:Fixed  8947.08 DKK
  Assets:Transfer  -8947.08 DKK

2023-07-31 * "Huslån - PRM" "Kontooverførsel" #spiir
  spiir-id: "638274288330957590"
  Assets:Checking:Fixed  8947.08 DKK
  Assets:Transfer  -8947.08 DKK

2023-07-31 * "SuperB Brostyk.vej" "Dagligvarer" #spiir
  spiir-id: "638274289141944535"
  Assets:Checking:Dagligvarer  -171.45 DKK
  Expenses:Food:Groceries  171.45 DKK

2023-07-31 * "ALDI Øst" "Dagligvarer" #spiir
  spiir-id: "638274289141944536"
  Assets:Checking:Dagligvarer  -140.27 DKK
  Expenses:Food:Groceries  140.27 DKK

2023-07-31 * "Zoologisk Have i K" "Biograf, koncerter & forlystelser" #spiir
  spiir-id: "638274289141944537"
  Assets:Checking:Dagligvarer  -100.00 DKK
  Expenses:Entertainment:Events  100.00 DKK

2023-07-31 * "MobilePay" "" #spiir
  spiir-id: "638274289141944538"
  Assets:Checking:Dagligvarer  -14.75 DKK
  Expenses:Uncategorized  14.75 DKK

2023-07-31 * "Føtex Hvidovrevej" "Dagligvarer" #spiir
  spiir-id: "638274289141944539"
  Assets:Checking:Dagligvarer  -236.65 DKK
  Expenses:Food:Groceries  236.65 DKK

2023-07-31 * "MobilePay" "" #spiir
  spiir-id: "638274289141944540"
  Assets:Checking:Dagligvarer  -16.80 DKK
  Expenses:Uncategorized  16.80 DKK

2023-07-31 * "Freetrailer +4588537700" "Andet privatforbrug" #spiir
  spiir-id: "638274289141944541"
  Assets:Checking:Dagligvarer  -84.00 DKK
  Expenses:Shopping:Other  84.00 DKK

2023-07-31 * "Lidl" "Dagligvarer" #spiir
  spiir-id: "638274289141944542"
  Assets:Checking:Dagligvarer  -239.81 DKK
  Expenses:Food:Groceries  239.81 DKK

2023-08-01 * "hiper.dk" "Telefoni & internet" #spiir
  spiir-id: "638274287489559133"
  Assets:Checking:Primary  -207.00 DKK
  Expenses:Subscriptions:Telecom  207.00 DKK

2023-08-01 * "hiper.dk" "Telefoni & internet" #spiir
  spiir-id: "638274287489559134"
  Assets:Checking:Primary  -289.00 DKK
  Expenses:Subscriptions:Telecom  289.00 DKK

2023-08-01 * "3 Danmark Koebenhavn SV" "Telefoni & internet" #spiir
  spiir-id: "638274287489559135"
  Assets:Checking:Primary  -205.76 DKK
  Expenses:Subscriptions:Telecom  205.76 DKK

2023-08-01 * "Tandforsikring - PRM" "Kontooverførsel" #spiir
  spiir-id: "638274287489559136"
  Assets:Checking:Primary  -60.00 DKK
  Assets:Transfer  60.00 DKK

2023-08-01 * "Spotify" "Kontooverførsel" #spiir
  spiir-id: "638274287489559137"
  Assets:Checking:Primary  -97.00 DKK
  Assets:Transfer  97.00 DKK

2023-08-01 * "Bilforsikr, afgift - PRM" "Kontooverførsel" #spiir
  spiir-id: "638274287489559138"
  Assets:Checking:Primary  -250.00 DKK
  Assets:Transfer  250.00 DKK

2023-08-01 * "Hus, indboforsikr - PRM" "Kontooverførsel" #spiir
  spiir-id: "638274287489559139"
  Assets:Checking:Primary  -347.00 DKK
  Assets:Transfer  347.00 DKK

2023-08-01 * "Ulykkesforsikring" "Kontooverførsel" #spiir
  spiir-id: "638274287489559140"
  Assets:Checking:Primary  -539.50 DKK
  Assets:Transfer  539.50 DKK

2023-08-01 * "El, vand og varme - PRM" "Kontooverførsel" #spiir
  spiir-id: "638274287489559141"
  Assets:Checking:Primary  -1084.00 DKK
  Assets:Transfer  1084.00 DKK

2023-08-01 * "Ejendommensskat - PRM" "Kontooverførsel" #spiir
  spiir-id: "638274287489559142"
  Assets:Checking:Primary  -1224.50 DKK
  Assets:Transfer  1224.50 DKK

2023-08-01 * "Vuggestue - PRM" "Kontooverførsel" #spiir
  spiir-id: "638274287489559143"
  Assets:Checking:Primary  -2010.50 DKK
  Assets:Transfer  2010.50 DKK

2023-08-01 * "Dagligvarer - PRM" "Kontooverførsel" #spiir
  spiir-id: "638274287489559144"
  Assets:Checking:Primary  -3500.00 DKK
  Assets:Transfer  3500.00 DKK

2023-08-01 * "Nordnet Aktiedepot" "Værdipapirshandel" #spiir
  spiir-id: "638274287489559145"
  Assets:Checking:Primary  -5000.00 DKK
  Assets:Savings:Investments  5000.00 DKK

2023-08-01 * "iCloud Fastefæll.udgifte" "Kontooverførsel" #spiir
  spiir-id: "638274287489559146"
  Assets:Checking:Primary  69.00 DKK
  Assets:Transfer  -69.00 DKK

2023-08-01 * "Lønoverførsel" "Løn" #spiir
  spiir-id: "638274287489559150"
  Assets:Checking:Primary  41049.33 DKK
  Income:Salary  -41049.33 DKK

2023-08-01 * "Tryg" "Indbo- & familieforsikring" #spiir
  spiir-id: "638274288330957569"
  Assets:Checking:Fixed  -378.52 DKK
  Expenses:House:Contents-Insurance  378.52 DKK

2023-08-01 * "Tryg" "Indbo- & familieforsikring" #spiir
  spiir-id: "638274288330957570"
  Assets:Checking:Fixed  -939.62 DKK
  Expenses:House:Contents-Insurance  939.62 DKK

2023-08-01 * "Tryg" "Indbo- & familieforsikring" #spiir
  spiir-id: "638274288330957571"
  Assets:Checking:Fixed  -551.40 DKK
  Expenses:House:Contents-Insurance  551.40 DKK

2023-08-01 * "Realkredit Danmark" "Boliglån/husleje" #spiir
  spiir-id: "638274288330957572"
  Assets:Checking:Fixed  -17894.15 DKK
  Expenses:House:Mortgage  17894.15 DKK

2023-08-01 * "Tandforsikring - LAH" "Kontooverførsel" #spiir
  spiir-id: "638274288330957573"
  Assets:Checking:Fixed  60.00 DKK
  Assets:Transfer  -60.00 DKK

2023-08-01 * "Spotify" "Kontooverførsel" #spiir
  spiir-id: "638274288330957574"
  Assets:Checking:Fixed  97.00 DKK
  Assets:Transfer  -97.00 DKK

2023-08-01 * "Bilforsikr, afgift - LAH" "Kontooverførsel" #spiir
  spiir-id: "638274288330957575"
  Assets:Checking:Fixed  250.00 DKK
  Assets:Transfer  -250.00 DKK

2023-08-01 * "Hus, indboforsikr - LAH" "Kontooverførsel" #spiir
  spiir-id: "638274288330957576"
  Assets:Checking:Fixed  347.00 DKK
  Assets:Transfer  -347.00 DKK

2023-08-01 * "El, vand og varme - LAH" "Kontooverførsel" #spiir
  spiir-id: "638274288330957577"
  Assets:Checking:Fixed  1084.00 DKK
  Assets:Transfer  -1084.00 DKK

2023-08-01 * "Ejendomsskat - LAH" "Kontooverførsel" #spiir
  spiir-id: "638274288330957578"
  Assets:Checking:Fixed  1224.50 DKK
  Assets:Transfer  -1224.50 DKK

2023-08-01 * "Vuggestue - LAH" "Kontooverførsel" #spiir
  spiir-id: "638274288330957579"
  Assets:Checking:Fixed  2010.50 DKK
  Assets:Transfer  -2010.50 DKK

2023-08-01 * "Tandforsikring - PRM" "Sundheds- & sygeforsikring" #spiir
  spiir-id: "638274288330957580"
  Assets:Checking:Fixed  60.00 DKK
  Expenses:Insurance:Health  -60.00 DKK

2023-08-01 * "Spotify" "Film, musik & læsestof" #spiir
  spiir-id: "638274288330957581"
  Assets:Checking:Fixed  97.00 DKK
  Expenses:Entertainment:Media  -97.00 DKK

2023-08-01 * "Bilforsikr, afgift - PRM" "Bilforsikring & autohjælp" #spiir
  spiir-id: "638274288330957582"
  Assets:Checking:Fixed  250.00 DKK
  Expenses:Car:Insurance  -250.00 DKK

2023-08-01 * "Hus, indboforsikr - PRM" "Husforsikring" #spiir
  spiir-id: "638274288330957583"
  Assets:Checking:Fixed  347.00 DKK
  Expenses:House:Insurance  -347.00 DKK

2023-08-01 * "Ulykkesforsikring - PRM" "Kontooverførsel" #spiir
  spiir-id: "638274288330957584"
  Assets:Checking:Fixed  539.50 DKK
  Assets:Transfer  -539.50 DKK

2023-08-01 * "El, vand og varme - PRM" "El, vand, varme & renovation" #spiir
  spiir-id: "638274288330957585"
  Assets:Checking:Fixed  1084.00 DKK
  Expenses:House:Heating  -1084.00 DKK

2023-08-01 * "Ejendommensskat - PRM" "Ejendomsskat" #spiir
  spiir-id: "638274288330957586"
  Assets:Checking:Fixed  1224.50 DKK
  Expenses:House:Tax  -1224.50 DKK

2023-08-01 * "Vuggestue - PRM" "Institution" #spiir
  spiir-id: "638274288330957587"
  Assets:Checking:Fixed  2010.50 DKK
  Expenses:Kids:Institution  -2010.50 DKK

2023-08-01 * "iCloud" "Kontooverførsel" #spiir
  spiir-id: "638274288330957588"
  Assets:Checking:Fixed  -69.00 DKK
  Assets:Transfer  69.00 DKK

2023-08-01 * "Luitpoldapo" "Apotek & medicin" #spiir
  spiir-id: "638274289141944529"
  Assets:Checking:Dagligvarer  -666.11 DKK
  Expenses:Health:Pharmacy  666.11 DKK

2023-08-01 * "KU.BE Frederiksbe Frederi" "" #spiir
  spiir-id: "638274289141944530"
  Assets:Checking:Dagligvarer  -68.00 DKK
  Expenses:Uncategorized  68.00 DKK

2023-08-01 * "Brodhjornet ApS Valby" "Kiosk, bager & specialbutikker" #spiir
  spiir-id: "638274289141944531"
  Assets:Checking:Dagligvarer  -96.00 DKK
  Expenses:Food:Kiosk  96.00 DKK

2023-08-01 * "Fællesudgifter" "Kontooverførsel" #spiir
  spiir-id: "638274289141944532"
  Assets:Checking:Dagligvarer  3500.00 DKK
  Assets:Transfer  -3500.00 DKK

2023-08-01 * "Dagligvarer - PRM" "Dagligvarer" #spiir
  spiir-id: "638274289141944533"
  Assets:Checking:Dagligvarer  3500.00 DKK
  Expenses:Food:Groceries  -3500.00 DKK

2023-08-01 * "Lidl" "Dagligvarer" #spiir
  spiir-id: "638274289141944534"
  Assets:Checking:Dagligvarer  -180.81 DKK
  Expenses:Food:Groceries  180.81 DKK

2023-08-02 * "Netto Hvidovrevej" "Dagligvarer" #spiir
  spiir-id: "638274289141944526"
  Assets:Checking:Dagligvarer  -22.75 DKK
  Expenses:Food:Groceries  22.75 DKK

2023-08-02 * "Zoologisk Have I Koebenha Frederi" "Biograf, koncerter & forlystelser" #spiir
  spiir-id: "638274289141944527"
  Assets:Checking:Dagligvarer  -30.00 DKK
  Expenses:Entertainment:Events  30.00 DKK

2023-08-02 * "Boeff Burgerbar Allerod" "Fastfood & takeaway" #spiir
  spiir-id: "638274289141944528"
  Assets:Checking:Dagligvarer  -24.00 DKK
  Expenses:Food:Takeaway  24.00 DKK

2023-08-03 * "bikester.dk Stuttgart" "Hobby & sportsudstyr" #spiir
  spiir-id: "638274287489559130"
  Assets:Checking:Primary  929.00 DKK
  Expenses:Shopping:Sports  -929.00 DKK

2023-08-03 * "bikester.dk Stuttgart" "Hobby & sportsudstyr" #spiir
  spiir-id: "638274287489559131"
  Assets:Checking:Primary  1109.00 DKK
  Expenses:Shopping:Sports  -1109.00 DKK

2023-08-03 * "Toolbeer.Dk Copenhagen" "Tobak & alkohol" #spiir
  spiir-id: "638274287489559132"
  Assets:Checking:Primary  -190.00 DKK
  Expenses:Food:Alcohol  190.00 DKK

2023-08-04 * "Udl. kortbetaling, 1.50% af DKK -5" "Bankgebyrer" #spiir
  spiir-id: "638274289141944524"
  Assets:Checking:Dagligvarer  -0.09 DKK
  Expenses:Bank:Fees  0.09 DKK

2023-08-04 * "Dm Filijala 35 Beograd" "Dagligvarer" #spiir
  spiir-id: "638274289141944525"
  Assets:Checking:Dagligvarer  -5.73 DKK
  Expenses:Food:Groceries  5.73 DKK

2023-08-05 * "MobilePay Kim Arvedlund" "" #spiir
  spiir-id: "638274287489559129"
  Assets:Checking:Primary  -4000.00 DKK
  Expenses:Uncategorized  4000.00 DKK

2023-08-06 * "Til Dagligvarer" "Kontooverførsel" #spiir
  spiir-id: "638274287489559128"
  Assets:Checking:Primary  -1500.00 DKK
  Assets:Transfer  1500.00 DKK

2023-08-06 * "Til Dagligvarer" "Kontooverførsel" #spiir
  spiir-id: "638274289141944522"
  Assets:Checking:Dagligvarer  1500.00 DKK
  Assets:Transfer  -1500.00 DKK

2023-08-06 * "Vacciner" "Anden indkomst" #spiir
  spiir-id: "638274289141944523"
  Assets:Checking:Dagligvarer  1500.00 DKK
  Income:Other  -1500.00 DKK

2023-08-07 * "MobilePay Tom Andersson" "" #spiir
  spiir-id: "638274287489559126"
  Assets:Checking:Primary  -108.65 DKK
  Expenses:Uncategorized  108.65 DKK

2023-08-07 * "Ida Ingeniørfore. i Danm" "Fagforening & a-kasse" #spiir
  spiir-id: "638274287489559127"
  Assets:Checking:Primary  -878.25 DKK
  Expenses:Insurance:Union  878.25 DKK

2023-08-07 * "Hvidovre kommune" "Institution" #spiir
  spiir-id: "638274288330957567"
  Assets:Checking:Fixed  -4021.00 DKK
  Expenses:Kids:Institution  4021.00 DKK

2023-08-07 * "Evida Service Nord A/S" "El, vand, varme & renovation" #spiir
  spiir-id: "638274288330957568"
  Assets:Checking:Fixed  -900.70 DKK
  Expenses:House:Heating  900.70 DKK

2023-08-07 * "Coop365Hørve" "Dagligvarer" #spiir
  spiir-id: "638274289141742444"
  Assets:Checking:Dagligvarer  -10.00 DKK
  Expenses:Food:Groceries  10.00 DKK

2023-08-07 * "OIL! tank go Viger" "Brændstof" #spiir
  spiir-id: "638274289141742445"
  Assets:Checking:Dagligvarer  -553.45 DKK
  Expenses:Car:Gas  553.45 DKK

2023-08-07 * "Konya Kebab" "Fastfood & takeaway" #spiir
  spiir-id: "638274289141742446"
  Assets:Checking:Dagligvarer  -210.00 DKK
  Expenses:Food:Takeaway  210.00 DKK

2023-08-07 * "Bilka Hundige" "Dagligvarer" #spiir
  spiir-id: "638274289141742447"
  Assets:Checking:Dagligvarer  -508.89 DKK
  Expenses:Food:Groceries  508.89 DKK

2023-08-07 * "Betlehem Minimarke" "Dagligvarer" #spiir
  spiir-id: "638274289141742448"
  Assets:Checking:Dagligvarer  -123.00 DKK
  Expenses:Food:Groceries  123.00 DKK

2023-08-07 * "European Lifecare" "Behandling & læger" #spiir
  spiir-id: "638274289141742449"
  Assets:Checking:Dagligvarer  -2444.00 DKK
  Expenses:Health:Doctor  2444.00 DKK

2023-08-07 * "Hummel Store Waves" "Tøj, sko & accessories" #spiir
  spiir-id: "638274289141742450"
  Assets:Checking:Dagligvarer  -134.34 DKK
  Expenses:Shopping:Clothing  134.34 DKK

2023-08-07 * "Hummel Store Waves" "Tøj, sko & accessories" #spiir
  spiir-id: "638274289141742451"
  Assets:Checking:Dagligvarer  -134.34 DKK
  Expenses:Shopping:Clothing  134.34 DKK

2023-08-07 * "Købmandshjørnet" "Dagligvarer" #spiir
  spiir-id: "638274289141742452"
  Assets:Checking:Dagligvarer  -94.90 DKK
  Expenses:Food:Groceries  94.90 DKK

2023-08-07 * "Købmandshjørnet" "Dagligvarer" #spiir
  spiir-id: "638274289141742453"
  Assets:Checking:Dagligvarer  -57.95 DKK
  Expenses:Food:Groceries  57.95 DKK

2023-08-07 * "Heldgård V/Esben I" "Dagligvarer" #spiir
  spiir-id: "638274289141742454"
  Assets:Checking:Dagligvarer  -112.00 DKK
  Expenses:Food:Groceries  112.00 DKK

2023-08-07 * "OIL! tank go Viger" "Brændstof" #spiir
  spiir-id: "638274289141944520"
  Assets:Checking:Dagligvarer  -100.46 DKK
  Expenses:Car:Gas  100.46 DKK

2023-08-07 * "OIL! tank go Viger" "Brændstof" #spiir
  spiir-id: "638274289141944521"
  Assets:Checking:Dagligvarer  -100.74 DKK
  Expenses:Car:Gas  100.74 DKK

2023-08-08 * "Mokkamokka Tisvildeleje" "Bar, cafe & restaurant" #spiir
  spiir-id: "638274289141742437"
  Assets:Checking:Dagligvarer  -45.00 DKK
  Expenses:Food:Restaurant  45.00 DKK

2023-08-08 * "The Little Cafe Ivs Tisvildeleje" "Bar, cafe & restaurant" #spiir
  spiir-id: "638274289141742438"
  Assets:Checking:Dagligvarer  -455.00 DKK
  Expenses:Food:Restaurant  455.00 DKK

2023-08-08 * "Quad Lock Prahran" "Elektronik & computerudstyr" #spiir
  spiir-id: "638274289141742439"
  Assets:Checking:Dagligvarer  -573.72 DKK
  Expenses:Shopping:Electronics  573.72 DKK

2023-08-08 * "Isbaren Tisvil Tisvildele" "Bar, cafe & restaurant" #spiir
  spiir-id: "638274289141742440"
  Assets:Checking:Dagligvarer  -129.00 DKK
  Expenses:Food:Restaurant  129.00 DKK

2023-08-08 * "2HOT ApS Tisvildeleje" "" #spiir
  spiir-id: "638274289141742441"
  Assets:Checking:Dagligvarer  -12.00 DKK
  Expenses:Uncategorized  12.00 DKK

2023-08-08 * "Lidl" "Dagligvarer" #spiir
  spiir-id: "638274289141742442"
  Assets:Checking:Dagligvarer  -143.62 DKK
  Expenses:Food:Groceries  143.62 DKK

2023-08-08 * "Børneloppen ApS" "Babyudstyr" #spiir
  spiir-id: "638274289141742443"
  Assets:Checking:Dagligvarer  -10.00 DKK
  Expenses:Kids:Baby  10.00 DKK

2023-08-09 * "Børneloppen ApS" "Babyudstyr" #spiir
  spiir-id: "638274289141742433"
  Assets:Checking:Dagligvarer  -132.50 DKK
  Expenses:Kids:Baby  132.50 DKK

2023-08-09 * "Børneloppen ApS" "Babyudstyr" #spiir
  spiir-id: "638274289141742434"
  Assets:Checking:Dagligvarer  -53.75 DKK
  Expenses:Kids:Baby  53.75 DKK

2023-08-09 * "Børneloppen ApS" "Babyudstyr" #spiir
  spiir-id: "638274289141742435"
  Assets:Checking:Dagligvarer  -75.00 DKK
  Expenses:Kids:Baby  75.00 DKK

2023-08-09 * "Andersen Bakery" "Kiosk, bager & specialbutikker" #spiir
  spiir-id: "638274289141742436"
  Assets:Checking:Dagligvarer  -77.00 DKK
  Expenses:Food:Kiosk  77.00 DKK

2023-08-10 * "Trekroner Apotek" "Apotek & medicin" #spiir
  spiir-id: "638274289141742430"
  Assets:Checking:Dagligvarer  -95.85 DKK
  Expenses:Health:Pharmacy  95.85 DKK

2023-08-10 * "Børneloppen ApS" "Babyudstyr" #spiir
  spiir-id: "638274289141742431"
  Assets:Checking:Dagligvarer  -10.00 DKK
  Expenses:Kids:Baby  10.00 DKK

2023-08-10 * "REMA 1000 Valby M" "Dagligvarer" #spiir
  spiir-id: "638274289141742432"
  Assets:Checking:Dagligvarer  -180.00 DKK
  Expenses:Food:Groceries  180.00 DKK

2023-08-11 * "Netto Gl. Køge Lan" "Dagligvarer" #spiir
  spiir-id: "638274289141742427"
  Assets:Checking:Dagligvarer  -125.50 DKK
  Expenses:Food:Groceries  125.50 DKK

2023-08-11 * "UME ASIAN SUPERMARKET Kobenhavn" "Dagligvarer" #spiir
  spiir-id: "638274289141742428"
  Assets:Checking:Dagligvarer  -223.55 DKK
  Expenses:Food:Groceries  223.55 DKK

2023-08-11 * "Børneloppen ApS" "Babyudstyr" #spiir
  spiir-id: "638274289141742429"
  Assets:Checking:Dagligvarer  -75.00 DKK
  Expenses:Kids:Baby  75.00 DKK

2023-08-12 * "MobilePay Kristina Lohmann Elkjær" "" #spiir
  spiir-id: "638275099905393647"
  Assets:Checking:Primary  -3000.00 DKK
  Expenses:Uncategorized  3000.00 DKK

2023-08-14 * "MobilePay EASY PARK A/S" "Parkering" #spiir
  spiir-id: "638275936180363074"
  Assets:Checking:Dagligvarer  -44.39 DKK
  Expenses:Car:Parking  44.39 DKK

2023-08-14 * "REMA 1000 Kbh. Am" "Dagligvarer" #spiir
  spiir-id: "638275936180363075"
  Assets:Checking:Dagligvarer  -54.15 DKK
  Expenses:Food:Groceries  54.15 DKK

2023-08-14 * "Broders ApS" "Kiosk, bager & specialbutikker" #spiir
  spiir-id: "638275936180363076"
  Assets:Checking:Dagligvarer  -31.00 DKK
  Expenses:Food:Kiosk  31.00 DKK

2023-08-14 * "Amager-Strand Is O" "Kiosk, bager & specialbutikker" #spiir
  spiir-id: "638275936180363077"
  Assets:Checking:Dagligvarer  -82.00 DKK
  Expenses:Food:Kiosk  82.00 DKK

2023-08-14 * "Netto Gl. Køge Lan" "Dagligvarer" #spiir
  spiir-id: "638275936180363078"
  Assets:Checking:Dagligvarer  -202.00 DKK
  Expenses:Food:Groceries  202.00 DKK

2023-08-14 * "MobilePay Lee Ann Hollesen" "Hobby & sportsudstyr" #spiir
  spiir-id: "638276876418021665"
  Assets:Checking:Primary  1500.00 DKK
  Expenses:Shopping:Sports  -1500.00 DKK

2023-08-14 * "Til Dagligvarer" "Kontooverførsel" #spiir
  spiir-id: "638276876418021666"
  Assets:Checking:Primary  -1500.00 DKK
  Assets:Transfer  1500.00 DKK

2023-08-14 * "ar-union.dk/tilmel" "Sport & fritid" #spiir
  spiir-id: "638276877957425723"
  Assets:Checking:Dagligvarer  -2000.00 DKK
  Expenses:Entertainment:Sports  2000.00 DKK

2023-08-14 * "Fra Lee Ann Hollesen" "Kontooverførsel" #spiir
  spiir-id: "638276877957425724"
  Assets:Checking:Dagligvarer  1500.00 DKK
  Assets:Transfer  -1500.00 DKK

2023-08-14 * "Til Dagligvarer" "Dagligvarer" #spiir
  spiir-id: "638276877957425725"
  Assets:Checking:Dagligvarer  1500.00 DKK
  Expenses:Food:Groceries  -1500.00 DKK

2023-08-14 * "cracey.dk" "Biograf, koncerter & forlystelser" #spiir
  spiir-id: "638276877957425726"
  Assets:Checking:Dagligvarer  -338.56 DKK
  Expenses:Entertainment:Events  338.56 DKK

2023-08-14 * "Coop365Hørve" "Dagligvarer" #spiir
  spiir-id: "638276877957425727"
  Assets:Checking:Dagligvarer  -313.60 DKK
  Expenses:Food:Groceries  313.60 DKK

2023-08-14 * "Yellow Bird Coffee" "Bar, cafe & restaurant" #spiir
  spiir-id: "638276877957425728"
  Assets:Checking:Dagligvarer  -37.00 DKK
  Expenses:Food:Restaurant  37.00 DKK

2023-08-15 * "Alexander Beier Holding A Kobenha" "Bar, cafe & restaurant" #spiir
  spiir-id: "638276877957256200"
  Assets:Checking:Dagligvarer  -295.00 DKK
  Expenses:Food:Restaurant  295.00 DKK

2023-08-15 * "Google Nest g.co/helppayÆ" "Alarmsystem" #spiir
  spiir-id: "638276877957256201"
  Assets:Checking:Dagligvarer  -40.00 DKK
  Expenses:House:Alarm  40.00 DKK

2023-08-15 * "Børneloppen ApS" "Babyudstyr" #spiir
  spiir-id: "638276877957425721"
  Assets:Checking:Dagligvarer  -23.00 DKK
  Expenses:Kids:Baby  23.00 DKK

2023-08-15 * "Børneloppen ApS" "Babyudstyr" #spiir
  spiir-id: "638276877957425722"
  Assets:Checking:Dagligvarer  -17.50 DKK
  Expenses:Kids:Baby  17.50 DKK

2023-08-15 * "MobilePay Charlotte Skou van Aller" "" #spiir
  spiir-id: "638277725989052797"
  Assets:Checking:Dagligvarer  -200.00 DKK
  Expenses:Uncategorized  200.00 DKK

2023-08-16 * "Til Dagligvarer" "Kontooverførsel" #spiir
  spiir-id: "638278604719979876"
  Assets:Checking:Primary  -4500.00 DKK
  Assets:Transfer  4500.00 DKK

2023-08-16 * "MamaMilla IjVvV" "Babyudstyr" #spiir
  spiir-id: "638278606102911775"
  Assets:Checking:Dagligvarer  -239.96 DKK
  Expenses:Kids:Baby  239.96 DKK

2023-08-16 * "Til Dagligvarer" "Kontooverførsel" #spiir
  spiir-id: "638278606102911776"
  Assets:Checking:Dagligvarer  4500.00 DKK
  Assets:Transfer  -4500.00 DKK

2023-08-16 * "Bil service" "Værksted & reservedele" #spiir
  spiir-id: "638278606102911777"
  Assets:Checking:Dagligvarer  4500.00 DKK
  Expenses:Car:Service  -4500.00 DKK

2023-08-16 * "Autotal I/S" "Værksted & reservedele" #spiir
  spiir-id: "638278606102911778"
  Assets:Checking:Dagligvarer  -6553.43 DKK
  Expenses:Car:Service  6553.43 DKK

2023-08-16 * "Netto Gl. Køge Lan" "Dagligvarer" #spiir
  spiir-id: "638278606102911779"
  Assets:Checking:Dagligvarer  -327.50 DKK
  Expenses:Food:Groceries  327.50 DKK

2023-08-17 * "Netto Hvidovrevej" "Dagligvarer" #spiir
  spiir-id: "638279459127326490"
  Assets:Checking:Dagligvarer  -62.50 DKK
  Expenses:Food:Groceries  62.50 DKK

2023-08-20 * "MobilePay Sommerland Sjælland App" "" #spiir
  spiir-id: "638282067965419331"
  Assets:Checking:Dagligvarer  -20.00 DKK
  Expenses:Uncategorized  20.00 DKK

2023-08-21 * "Info-Teria Syd Hos" "Bar, cafe & restaurant" #spiir
  spiir-id: "638282067965262557"
  Assets:Checking:Dagligvarer  -85.00 DKK
  Expenses:Food:Restaurant  85.00 DKK

2023-08-21 * "Lidl" "Dagligvarer" #spiir
  spiir-id: "638282067965419327"
  Assets:Checking:Dagligvarer  -280.65 DKK
  Expenses:Food:Groceries  280.65 DKK

2023-08-21 * "Spotify" "Film, musik & læsestof" #spiir
  spiir-id: "638282067965419328"
  Assets:Checking:Dagligvarer  -124.00 DKK
  Expenses:Entertainment:Media  124.00 DKK

2023-08-21 * "Lidl" "Dagligvarer" #spiir
  spiir-id: "638282067965419329"
  Assets:Checking:Dagligvarer  -95.40 DKK
  Expenses:Food:Groceries  95.40 DKK

2023-08-21 * "Børneloppen ApS" "Babyudstyr" #spiir
  spiir-id: "638282067965419330"
  Assets:Checking:Dagligvarer  -59.75 DKK
  Expenses:Kids:Baby  59.75 DKK

2023-08-21 * "Kvickly Hvidovre" "Dagligvarer" #spiir
  spiir-id: "638282847705910376"
  Assets:Checking:Dagligvarer  -306.40 DKK
  Expenses:Food:Groceries  306.40 DKK

2023-08-21 * "cykelshoppen.dk" "Anden transport" #spiir
  spiir-id: "638282847705910377"
  Assets:Checking:Dagligvarer  -117.00 DKK
  Expenses:Transport:Other  117.00 DKK

2023-08-21 * "Sommerland Sjællan" "Ferieaktiviteter" #spiir
  spiir-id: "638282847705910378"
  Assets:Checking:Dagligvarer  -82.00 DKK
  Expenses:Travel:Activities  82.00 DKK

2023-08-21 * "Sommerland Sjællan" "Ferieaktiviteter" #spiir
  spiir-id: "638282847705910379"
  Assets:Checking:Dagligvarer  -32.00 DKK
  Expenses:Travel:Activities  32.00 DKK

2023-08-22 * "AMZN Mktp DE" "Andet privatforbrug" #spiir
  spiir-id: "638282847705910373"
  Assets:Checking:Dagligvarer  -700.94 DKK
  Expenses:Shopping:Other  700.94 DKK

2023-08-22 * "Apple.Com/Bill" "Online services & software" #spiir
  spiir-id: "638282847705910374"
  Assets:Checking:Dagligvarer  -89.00 DKK
  Expenses:Subscriptions:Software  89.00 DKK

2023-08-22 * "Parmas Pizza" "Fastfood & takeaway" #spiir
  spiir-id: "638282847705910375"
  Assets:Checking:Dagligvarer  -220.00 DKK
  Expenses:Food:Takeaway  220.00 DKK

2023-08-22 * "Trekroner Apotek" "Apotek & medicin" #spiir
  spiir-id: "638283801440559481"
  Assets:Checking:Primary  -105.70 DKK
  Expenses:Health:Pharmacy  105.70 DKK

2023-08-23 * "Til Dagligvarer" "Kontooverførsel" #spiir
  spiir-id: "638284642658384505"
  Assets:Checking:Primary  -1500.00 DKK
  Assets:Transfer  1500.00 DKK

2023-08-23 * "Til Dagligvarer" "Kontooverførsel" #spiir
  spiir-id: "638284643998410504"
  Assets:Checking:Dagligvarer  1500.00 DKK
  Assets:Transfer  -1500.00 DKK

2023-08-23 * "Fra Lee Ann Hollesen" "Dagligvarer" #spiir
  spiir-id: "638284643998410505"
  Assets:Checking:Dagligvarer  1500.00 DKK
  Expenses:Food:Groceries  -1500.00 DKK

2023-08-23 * "Bog & idé, Fields" "Gaver & velgørenhed" #spiir
  spiir-id: "638284643998410506"
  Assets:Checking:Dagligvarer  -199.95 DKK
  Expenses:Gifts  199.95 DKK

2023-08-23 * "Bog & idé, Fields" "Gaver & velgørenhed" #spiir
  spiir-id: "638284643998410507"
  Assets:Checking:Dagligvarer  -199.95 DKK
  Expenses:Gifts  199.95 DKK

2023-08-23 * "Islands Brygge Apo" "Apotek & medicin" #spiir
  spiir-id: "638284643998410508"
  Assets:Checking:Dagligvarer  -79.50 DKK
  Expenses:Health:Pharmacy  79.50 DKK

2023-08-23 * "BabySam Fields" "Babyudstyr" #spiir
  spiir-id: "638284643998410509"
  Assets:Checking:Dagligvarer  99.98 DKK
  Expenses:Kids:Baby  -99.98 DKK

2023-08-23 * "BabySam Fields" "Babyudstyr" #spiir
  spiir-id: "638284643998410510"
  Assets:Checking:Dagligvarer  189.00 DKK
  Expenses:Kids:Baby  -189.00 DKK

2023-08-23 * "MobilePay" "" #spiir
  spiir-id: "638284643998410511"
  Assets:Checking:Dagligvarer  -119.95 DKK
  Expenses:Uncategorized  119.95 DKK

2023-08-23 * "Harald Nyborg Tårn" "Ombygning & vedligehold" #spiir
  spiir-id: "638284643998410512"
  Assets:Checking:Dagligvarer  -354.00 DKK
  Expenses:House:Renovation  354.00 DKK

2023-08-24 * "Jysk D098" "Møbler & boligudstyr" #spiir
  spiir-id: "638284643998410502"
  Assets:Checking:Dagligvarer  -74.95 DKK
  Expenses:Shopping:Furniture  74.95 DKK

2023-08-24 * "Søstrene Grene Fie" "Møbler & boligudstyr" #spiir
  spiir-id: "638284643998410503"
  Assets:Checking:Dagligvarer  -4.98 DKK
  Expenses:Shopping:Furniture  4.98 DKK

2023-08-24 * "Bilka One Stop" "Dagligvarer" #spiir
  spiir-id: "638285525634250992"
  Assets:Checking:Dagligvarer  -393.85 DKK
  Expenses:Food:Groceries  393.85 DKK

2023-08-25 * "Uganda Gront Aps 1 Taastrup" "Dagligvarer" #spiir
  spiir-id: "638285525634250990"
  Assets:Checking:Dagligvarer  -35.00 DKK
  Expenses:Food:Groceries  35.00 DKK

2023-08-25 * "BabySam Fields Koebenhavn s" "Babyudstyr" #spiir
  spiir-id: "638285525634250991"
  Assets:Checking:Dagligvarer  -189.90 DKK
  Expenses:Kids:Baby  189.90 DKK

2023-08-25 * "Kvickly Hvidovre" "Dagligvarer" #spiir
  spiir-id: "638286312978822903"
  Assets:Checking:Dagligvarer  -338.96 DKK
  Expenses:Food:Groceries  338.96 DKK

2023-08-25 * "Kvickly Hvidovre" "Dagligvarer" #spiir
  spiir-id: "638286312978822904"
  Assets:Checking:Dagligvarer  -24.95 DKK
  Expenses:Food:Groceries  24.95 DKK

2023-08-25 * "apopro.dk SiYkg" "Apotek & medicin" #spiir
  spiir-id: "638286312978822905"
  Assets:Checking:Dagligvarer  -197.45 DKK
  Expenses:Health:Pharmacy  197.45 DKK

2023-08-26 * "MobilePay EASY PARK A/S" "Parkering" #spiir
  spiir-id: "638286312978822902"
  Assets:Checking:Dagligvarer  -14.00 DKK
  Expenses:Car:Parking  14.00 DKK

2023-08-26 * "MobilePay Martin Birch" "" #spiir
  spiir-id: "638287200462251303"
  Assets:Checking:Dagligvarer  -50.00 DKK
  Expenses:Uncategorized  50.00 DKK

2023-08-28 * "Udl. kortbetaling, 1.50% af DKK -66" "Bankgebyrer" #spiir
  spiir-id: "638288120733973232"
  Assets:Checking:Primary  -9.93 DKK
  Expenses:Bank:Fees  9.93 DKK

2023-08-28 * "Obsidian.Md Oakville" "Online services & software" #spiir
  spiir-id: "638288120733973233"
  Assets:Checking:Primary  -662.31 DKK
  Expenses:Subscriptions:Software  662.31 DKK

2023-08-28 * "Toolbeer.Dk Copenhagen" "Tobak & alkohol" #spiir
  spiir-id: "638288120733973234"
  Assets:Checking:Primary  140.00 DKK
  Expenses:Food:Alcohol  -140.00 DKK

2023-08-28 * "Lidl" "Dagligvarer" #spiir
  spiir-id: "638288121888248971"
  Assets:Checking:Dagligvarer  -86.50 DKK
  Expenses:Food:Groceries  86.50 DKK

2023-08-28 * "Asien Marked" "Dagligvarer" #spiir
  spiir-id: "638288948857991895"
  Assets:Checking:Dagligvarer  -14.00 DKK
  Expenses:Food:Groceries  14.00 DKK

2023-08-28 * "selvbetjening.id-p G5I81" "Offentligt gebyr" #spiir
  spiir-id: "638288948857991896"
  Assets:Checking:Dagligvarer  -145.00 DKK
  Expenses:Tax:Fees  145.00 DKK

2023-08-28 * "Føtex Hvidovrevej" "Dagligvarer" #spiir
  spiir-id: "638288948857991897"
  Assets:Checking:Dagligvarer  -25.95 DKK
  Expenses:Food:Groceries  25.95 DKK

2023-08-28 * "Føtex Hvidovrevej" "Dagligvarer" #spiir
  spiir-id: "638288948857991898"
  Assets:Checking:Dagligvarer  -97.95 DKK
  Expenses:Food:Groceries  97.95 DKK

2023-08-28 * "Føtex Hvidovrevej" "Dagligvarer" #spiir
  spiir-id: "638288948857991899"
  Assets:Checking:Dagligvarer  -10.00 DKK
  Expenses:Food:Groceries  10.00 DKK

2023-08-30 * "Brød" "Kiosk, bager & specialbutikker" #spiir
  spiir-id: "638290640393656863"
  Assets:Checking:Primary  -216.00 DKK
  Expenses:Food:Kiosk  216.00 DKK

2023-08-31 * "Huslån - PRM" "Kontooverførsel" #spiir
  spiir-id: "638290640393656861"
  Assets:Checking:Primary  -8947.08 DKK
  Assets:Transfer  8947.08 DKK

2023-08-31 * "Nedbetaling huslån - PRM" "Kontooverførsel" #spiir
  spiir-id: "638290640393656862"
  Assets:Checking:Primary  -8947.08 DKK
  Assets:Transfer  8947.08 DKK

2023-08-31 * "Huslån - LAH" "Kontooverførsel" #spiir
  spiir-id: "638290641666131676"
  Assets:Checking:Fixed  8947.08 DKK
  Assets:Transfer  -8947.08 DKK

2023-08-31 * "Huslån - PRM" "Kontooverførsel" #spiir
  spiir-id: "638290641666131677"
  Assets:Checking:Fixed  8947.08 DKK
  Assets:Transfer  -8947.08 DKK

2023-08-31 * "Realkredit Danmark" "Boliglån/husleje" #spiir
  spiir-id: "638290641666131678"
  Assets:Checking:Fixed  -17894.15 DKK
  Expenses:House:Mortgage  17894.15 DKK

2023-08-31 * "Coop365Hørve" "Dagligvarer" #spiir
  spiir-id: "638291577084930653"
  Assets:Checking:Dagligvarer  -68.50 DKK
  Expenses:Food:Groceries  68.50 DKK

2023-08-31 * "happyhelper" "Hus & havehjælp" #spiir
  spiir-id: "638291577085052734"
  Assets:Checking:Dagligvarer  -1523.75 DKK
  Expenses:House:Help  1523.75 DKK

2023-09-01 * "Lønoverførsel" "Løn" #spiir
  spiir-id: "638290640393656860"
  Assets:Checking:Primary  42161.33 DKK
  Income:Salary  -42161.33 DKK

2023-09-01 * "3 Danmark Koebenhavn SV" "Telefoni & internet" #spiir
  spiir-id: "638291576220980740"
  Assets:Checking:Primary  -160.00 DKK
  Expenses:Subscriptions:Telecom  160.00 DKK

2023-09-01 * "FS softorino fsprg.nl" "Online services & software" #spiir
  spiir-id: "638291576220980741"
  Assets:Checking:Primary  -124.81 DKK
  Expenses:Subscriptions:Software  124.81 DKK

2023-09-01 * "Tandforsikring - PRM" "Kontooverførsel" #spiir
  spiir-id: "638291576220980742"
  Assets:Checking:Primary  -60.00 DKK
  Assets:Transfer  60.00 DKK

2023-09-01 * "Spotify" "Kontooverførsel" #spiir
  spiir-id: "638291576220980743"
  Assets:Checking:Primary  -97.00 DKK
  Assets:Transfer  97.00 DKK

2023-09-01 * "Bilforsikr, afgift - PRM" "Kontooverførsel" #spiir
  spiir-id: "638291576220980744"
  Assets:Checking:Primary  -250.00 DKK
  Assets:Transfer  250.00 DKK

2023-09-01 * "Hus, indboforsikr - PRM" "Kontooverførsel" #spiir
  spiir-id: "638291576220980745"
  Assets:Checking:Primary  -347.00 DKK
  Assets:Transfer  347.00 DKK

2023-09-01 * "El, vand og varme - PRM" "Kontooverførsel" #spiir
  spiir-id: "638291576220980746"
  Assets:Checking:Primary  -1084.00 DKK
  Assets:Transfer  1084.00 DKK

2023-09-01 * "Ejendommensskat - PRM" "Kontooverførsel" #spiir
  spiir-id: "638291576220980747"
  Assets:Checking:Primary  -1224.50 DKK
  Assets:Transfer  1224.50 DKK

2023-09-01 * "Vuggestue - PRM" "Kontooverførsel" #spiir
  spiir-id: "638291576220980748"
  Assets:Checking:Primary  -2010.50 DKK
  Assets:Transfer  2010.50 DKK

2023-09-01 * "Dagligvarer - PRM" "Kontooverførsel" #spiir
  spiir-id: "638291576220980749"
  Assets:Checking:Primary  -3500.00 DKK
  Assets:Transfer  3500.00 DKK

2023-09-01 * "Nordnet Aktiedepot" "Værdipapirshandel" #spiir
  spiir-id: "638291576220980750"
  Assets:Checking:Primary  -5000.00 DKK
  Assets:Savings:Investments  5000.00 DKK

2023-09-01 * "iCloud Fastefæll.udgifte" "Kontooverførsel" #spiir
  spiir-id: "638291576220980751"
  Assets:Checking:Primary  69.00 DKK
  Assets:Transfer  -69.00 DKK

2023-09-01 * "Tandforsikring - LAH" "Kontooverførsel" #spiir
  spiir-id: "638291576561921801"
  Assets:Checking:Fixed  60.00 DKK
  Assets:Transfer  -60.00 DKK

2023-09-01 * "Spotify" "Kontooverførsel" #spiir
  spiir-id: "638291576561921802"
  Assets:Checking:Fixed  97.00 DKK
  Assets:Transfer  -97.00 DKK

2023-09-01 * "Bilforsikr, afgift - LAH" "Kontooverførsel" #spiir
  spiir-id: "638291576561921803"
  Assets:Checking:Fixed  250.00 DKK
  Assets:Transfer  -250.00 DKK

2023-09-01 * "Hus, indboforsikr - LAH" "Kontooverførsel" #spiir
  spiir-id: "638291576561921804"
  Assets:Checking:Fixed  347.00 DKK
  Assets:Transfer  -347.00 DKK

2023-09-01 * "El, vand og varme - LAH" "Kontooverførsel" #spiir
  spiir-id: "638291576561921805"
  Assets:Checking:Fixed  1084.00 DKK
  Assets:Transfer  -1084.00 DKK

2023-09-01 * "Ejendomsskat - LAH" "Kontooverførsel" #spiir
  spiir-id: "638291576561921806"
  Assets:Checking:Fixed  1224.50 DKK
  Assets:Transfer  -1224.50 DKK

2023-09-01 * "Vuggestue - LAH" "Kontooverførsel" #spiir
  spiir-id: "638291576561921807"
  Assets:Checking:Fixed  2010.50 DKK
  Assets:Transfer  -2010.50 DKK

2023-09-01 * "Tryg" "Indbo- & familieforsikring" #spiir
  spiir-id: "638291576561921808"
  Assets:Checking:Fixed  -378.52 DKK
  Expenses:House:Contents-Insurance  378.52 DKK

2023-09-01 * "Nettopower ApS" "El, vand, varme & renovation" #spiir
  spiir-id: "638291576561921809"
  Assets:Checking:Fixed  -2831.86 DKK
  Expenses:House:Heating  2831.86 DKK

2023-09-01 * "Tandforsikring - PRM" "Sundheds- & sygeforsikring" #spiir
  spiir-id: "638291576561921810"
  Assets:Checking:Fixed  60.00 DKK
  Expenses:Insurance:Health  -60.00 DKK

2023-09-01 * "Spotify" "Film, musik & læsestof" #spiir
  spiir-id: "638291576561921811"
  Assets:Checking:Fixed  97.00 DKK
  Expenses:Entertainment:Media  -97.00 DKK

2023-09-01 * "Bilforsikr, afgift - PRM" "Bilforsikring & autohjælp" #spiir
  spiir-id: "638291576561921812"
  Assets:Checking:Fixed  250.00 DKK
  Expenses:Car:Insurance  -250.00 DKK

2023-09-01 * "Hus, indboforsikr - PRM" "Husforsikring" #spiir
  spiir-id: "638291576561921813"
  Assets:Checking:Fixed  347.00 DKK
  Expenses:House:Insurance  -347.00 DKK

2023-09-01 * "El, vand og varme - PRM" "El, vand, varme & renovation" #spiir
  spiir-id: "638291576562234786"
  Assets:Checking:Fixed  1084.00 DKK
  Expenses:House:Heating  -1084.00 DKK

2023-09-01 * "Ejendommensskat - PRM" "Ejendomsskat" #spiir
  spiir-id: "638291576562234787"
  Assets:Checking:Fixed  1224.50 DKK
  Expenses:House:Tax  -1224.50 DKK

2023-09-01 * "Vuggestue - PRM" "Institution" #spiir
  spiir-id: "638291576562234788"
  Assets:Checking:Fixed  2010.50 DKK
  Expenses:Kids:Institution  -2010.50 DKK

2023-09-01 * "iCloud" "Kontooverførsel" #spiir
  spiir-id: "638291576562434942"
  Assets:Checking:Fixed  -69.00 DKK
  Assets:Transfer  69.00 DKK

2023-09-01 * "Fællesudgifter" "Kontooverførsel" #spiir
  spiir-id: "638291577084930651"
  Assets:Checking:Dagligvarer  3500.00 DKK
  Assets:Transfer  -3500.00 DKK

2023-09-01 * "Dagligvarer - PRM" "Dagligvarer" #spiir
  spiir-id: "638291577084930652"
  Assets:Checking:Dagligvarer  3500.00 DKK
  Expenses:Food:Groceries  -3500.00 DKK

2023-09-01 * "hiper.dk" "Telefoni & internet" #spiir
  spiir-id: "638292382579282128"
  Assets:Checking:Primary  -319.00 DKK
  Expenses:Subscriptions:Telecom  319.00 DKK

2023-09-01 * "hiper.dk" "Telefoni & internet" #spiir
  spiir-id: "638292382579282129"
  Assets:Checking:Primary  -289.00 DKK
  Expenses:Subscriptions:Telecom  289.00 DKK

2023-09-01 * "ATM payment Hvidovre Filial" "Kontanthævning & check" #spiir
  spiir-id: "638292382579282130"
  Assets:Checking:Primary  1000.00 DKK
  Expenses:Cash  -1000.00 DKK

2023-09-01 * "ATM payment Hvidovre Filial" "Kontanthævning & check" #spiir
  spiir-id: "638292382579282131"
  Assets:Checking:Primary  -100.00 DKK
  Expenses:Cash  100.00 DKK

2023-09-01 * "ATM payment Hvidovre Filial" "Kontanthævning & check" #spiir
  spiir-id: "638292382579282132"
  Assets:Checking:Primary  -100.00 DKK
  Expenses:Cash  100.00 DKK

2023-09-01 * "Payment" "Elektronik & computerudstyr" #spiir
  spiir-id: "638292383862732772"
  Assets:Checking:Dagligvarer  70.00 DKK
  Expenses:Shopping:Electronics  -70.00 DKK

2023-09-01 * "nordicrace.dk" "Sport & fritid" #spiir
  spiir-id: "638292383862732773"
  Assets:Checking:Dagligvarer  -865.20 DKK
  Expenses:Entertainment:Sports  865.20 DKK

2023-09-01 * "Netto Gl. Køge Lan" "Dagligvarer" #spiir
  spiir-id: "638292383862732774"
  Assets:Checking:Dagligvarer  -285.30 DKK
  Expenses:Food:Groceries  285.30 DKK

2023-09-02 * "MobilePay EASY PARK A/S" "Parkering" #spiir
  spiir-id: "638292383862732771"
  Assets:Checking:Dagligvarer  -53.87 DKK
  Expenses:Car:Parking  53.87 DKK

2023-09-02 * "MobilePay Maria Cosmus" "" #spiir
  spiir-id: "638293285291182046"
  Assets:Checking:Dagligvarer  -10.00 DKK
  Expenses:Uncategorized  10.00 DKK

2023-09-04 * "Netto Fredriks Bry" "Dagligvarer" #spiir
  spiir-id: "638294083186107604"
  Assets:Checking:Dagligvarer  -95.80 DKK
  Expenses:Food:Groceries  95.80 DKK

2023-09-04 * "Netto Strøby Egede" "Dagligvarer" #spiir
  spiir-id: "638294083186107605"
  Assets:Checking:Dagligvarer  -52.95 DKK
  Expenses:Food:Groceries  52.95 DKK

2023-09-04 * "Rema 1000 Strøby E" "Dagligvarer" #spiir
  spiir-id: "638294083186107606"
  Assets:Checking:Dagligvarer  -12.00 DKK
  Expenses:Food:Groceries  12.00 DKK

2023-09-04 * "Netto Gl. Køge Lan" "Dagligvarer" #spiir
  spiir-id: "638294985532653984"
  Assets:Checking:Dagligvarer  -58.40 DKK
  Expenses:Food:Groceries  58.40 DKK

2023-09-05 * "Hvidovre Apotek Hvidovre" "Apotek & medicin" #spiir
  spiir-id: "638294983838886300"
  Assets:Checking:Primary  -164.50 DKK
  Expenses:Health:Pharmacy  164.50 DKK

2023-09-05 * "Aben Shg Aps Kobenhavn" "Bar, cafe & restaurant" #spiir
  spiir-id: "638294983838886301"
  Assets:Checking:Primary  -40.00 DKK
  Expenses:Food:Restaurant  40.00 DKK

2023-09-05 * "Ingo Vigerslev Alle Valby" "Brændstof" #spiir
  spiir-id: "638294985532653980"
  Assets:Checking:Dagligvarer  -551.94 DKK
  Expenses:Car:Gas  551.94 DKK

2023-09-05 * "Bistro Gustav K benhavn K" "Bar, cafe & restaurant" #spiir
  spiir-id: "638294985532653981"
  Assets:Checking:Dagligvarer  -130.00 DKK
  Expenses:Food:Restaurant  130.00 DKK

2023-09-05 * "MobilePay EASY PARK A/S" "Parkering" #spiir
  spiir-id: "638294985532653982"
  Assets:Checking:Dagligvarer  -35.65 DKK
  Expenses:Car:Parking  35.65 DKK

2023-09-05 * "Ello Food ApS" "Dagligvarer" #spiir
  spiir-id: "638294985532653983"
  Assets:Checking:Dagligvarer  -268.45 DKK
  Expenses:Food:Groceries  268.45 DKK

2023-09-05 * "Cph" "Kiosk, bager & specialbutikker" #spiir
  spiir-id: "638295835929887614"
  Assets:Checking:Dagligvarer  -27.95 DKK
  Expenses:Food:Kiosk  27.95 DKK

2023-09-05 * "Cph" "Kiosk, bager & specialbutikker" #spiir
  spiir-id: "638295835929887615"
  Assets:Checking:Dagligvarer  -47.00 DKK
  Expenses:Food:Kiosk  47.00 DKK

2023-09-05 * "7-Eleven B069" "Kiosk, bager & specialbutikker" #spiir
  spiir-id: "638295835929887616"
  Assets:Checking:Dagligvarer  -78.00 DKK
  Expenses:Food:Kiosk  78.00 DKK

2023-09-06 * "Hvidovre kommune" "Institution" #spiir
  spiir-id: "638295835236436339"
  Assets:Checking:Fixed  -4021.00 DKK
  Expenses:Kids:Institution  4021.00 DKK

2023-09-06 * "Apple.Com/Bill" "Online services & software" #spiir
  spiir-id: "638295835929887613"
  Assets:Checking:Dagligvarer  -65.00 DKK
  Expenses:Subscriptions:Software  65.00 DKK

2023-09-07 * "Udl. kortbetaling, 1.50% af DKK -97" "Ferieaktiviteter" #spiir
  spiir-id: "638296705645617140"
  Assets:Checking:Dagligvarer  -1.46 DKK
  Expenses:Travel:Activities  1.46 DKK

2023-09-07 * "Koh Hop Bar Sbia Int As E Samutpr" "Bar, cafe & restaurant" #spiir
  spiir-id: "638296705645617141"
  Assets:Checking:Dagligvarer  -97.52 DKK
  Expenses:Food:Restaurant  97.52 DKK

2023-09-07 * "Udl. kortbetaling, 1.50% af DKK -35" "Bankgebyrer" #spiir
  spiir-id: "638296705645617142"
  Assets:Checking:Dagligvarer  -0.53 DKK
  Expenses:Bank:Fees  0.53 DKK

2023-09-07 * "Thongyoy Cafe Samutprakan" "Bar, cafe & restaurant" #spiir
  spiir-id: "638296705645617143"
  Assets:Checking:Dagligvarer  -35.54 DKK
  Expenses:Food:Restaurant  35.54 DKK

2023-09-11 * "Udl. kortbetaling, 1.50% af DKK -22" "Bankgebyrer" #spiir
  spiir-id: "638300157044473304"
  Assets:Checking:Dagligvarer  -3.30 DKK
  Expenses:Bank:Fees  3.30 DKK

2023-09-11 * "Dream Mall Kaohsiung Cit" "Bar, cafe & restaurant" #spiir
  spiir-id: "638300157044473305"
  Assets:Checking:Dagligvarer  -220.06 DKK
  Expenses:Food:Restaurant  220.06 DKK

2023-09-11 * "Udl. kortbetaling, 1.50% af DKK -32" "Bankgebyrer" #spiir
  spiir-id: "638300157044473306"
  Assets:Checking:Dagligvarer  -0.49 DKK
  Expenses:Bank:Fees  0.49 DKK

2023-09-11 * "Dream Mall Kaohsiung Cit" "Bar, cafe & restaurant" #spiir
  spiir-id: "638300157044473307"
  Assets:Checking:Dagligvarer  -32.68 DKK
  Expenses:Food:Restaurant  32.68 DKK

2023-09-11 * "Udl. kortbetaling, 1.50% af DKK -21" "Bankgebyrer" #spiir
  spiir-id: "638300157044473308"
  Assets:Checking:Dagligvarer  -3.20 DKK
  Expenses:Bank:Fees  3.20 DKK

2023-09-11 * "Dream Mall Kaohsiung Cit" "" #spiir
  spiir-id: "638300157044473309"
  Assets:Checking:Dagligvarer  -213.52 DKK
  Expenses:Uncategorized  213.52 DKK

2023-09-11 * "Udl. kortbetaling, 1.50% af DKK -13" "Bankgebyrer" #spiir
  spiir-id: "638300157044473310"
  Assets:Checking:Dagligvarer  -1.99 DKK
  Expenses:Bank:Fees  1.99 DKK

2023-09-11 * "Dream Mall Kaohsiung Cit" "" #spiir
  spiir-id: "638300157044962592"
  Assets:Checking:Dagligvarer  -132.91 DKK
  Expenses:Uncategorized  132.91 DKK

2023-09-12 * "Udl. kortbetaling, 1.50% af DKK -39" "Bankgebyrer" #spiir
  spiir-id: "638301054147443076"
  Assets:Checking:Dagligvarer  -0.59 DKK
  Expenses:Bank:Fees  0.59 DKK

2023-09-12 * "LINEPAY*CHUNTSUISHANGHS Taipei" "Bar, cafe & restaurant" #spiir
  spiir-id: "638301054147443077"
  Assets:Checking:Dagligvarer  -39.22 DKK
  Expenses:Food:Restaurant  39.22 DKK

2023-09-13 * "Udl. kortbetaling, 1.50% af DKK -12" "Bankgebyrer" #spiir
  spiir-id: "638301926792751498"
  Assets:Checking:Primary  -1.89 DKK
  Expenses:Bank:Fees  1.89 DKK

2023-09-13 * "Far Eastern Dept 03806 Kaohsiu" "" #spiir
  spiir-id: "638301926792751499"
  Assets:Checking:Primary  -126.13 DKK
  Expenses:Uncategorized  126.13 DKK

2023-09-13 * "Udl. kortbetaling, 1.50% af DKK -32" "Bankgebyrer" #spiir
  spiir-id: "638301926792751500"
  Assets:Checking:Primary  -4.83 DKK
  Expenses:Bank:Fees  4.83 DKK

2023-09-13 * "Far Eastern Dept 03806 Kaohsiu" "" #spiir
  spiir-id: "638301926792751501"
  Assets:Checking:Primary  -321.86 DKK
  Expenses:Uncategorized  321.86 DKK

2023-09-13 * "Udl. kortbetaling, 1.50% af DKK -38" "Bankgebyrer" #spiir
  spiir-id: "638301926792751502"
  Assets:Checking:Primary  -0.58 DKK
  Expenses:Bank:Fees  0.58 DKK

2023-09-13 * "Far Eastern Dept 03806 Kaohsiu" "" #spiir
  spiir-id: "638301926792751503"
  Assets:Checking:Primary  -38.71 DKK
  Expenses:Uncategorized  38.71 DKK

2023-09-13 * "Udl. kortbetaling, 1.50% af DKK -10" "Bankgebyrer" #spiir
  spiir-id: "638301926792751504"
  Assets:Checking:Primary  -1.56 DKK
  Expenses:Bank:Fees  1.56 DKK

2023-09-13 * "Audible*TR94S9F81 Amzn.com/bill" "" #spiir
  spiir-id: "638301926792751505"
  Assets:Checking:Primary  -104.17 DKK
  Expenses:Uncategorized  104.17 DKK

2023-09-13 * "Udl. kortbetaling, 1.50% af DKK -21" "Bankgebyrer" #spiir
  spiir-id: "638301928131498551"
  Assets:Checking:Dagligvarer  -3.21 DKK
  Expenses:Bank:Fees  3.21 DKK

2023-09-13 * "Far Eastern Dept 03806 Kaohsiu" "" #spiir
  spiir-id: "638301928131498552"
  Assets:Checking:Dagligvarer  -213.99 DKK
  Expenses:Uncategorized  213.99 DKK

2023-09-13 * "Udl. kortbetaling, 1.50% af DKK -47" "Bankgebyrer" #spiir
  spiir-id: "638301928131498553"
  Assets:Checking:Dagligvarer  -0.72 DKK
  Expenses:Bank:Fees  0.72 DKK

2023-09-13 * "Far Eastern Dept.Stores 0 Kaohsiu" "Bar, cafe & restaurant" #spiir
  spiir-id: "638301928131498554"
  Assets:Checking:Dagligvarer  -47.84 DKK
  Expenses:Food:Restaurant  47.84 DKK

2023-09-13 * "Udl. kortbetaling, 1.50% af DKK -11" "Bankgebyrer" #spiir
  spiir-id: "638301928131498555"
  Assets:Checking:Dagligvarer  -1.66 DKK
  Expenses:Bank:Fees  1.66 DKK

2023-09-13 * "Far Eastern Dept 03806 Kaohsiu" "" #spiir
  spiir-id: "638301928131498556"
  Assets:Checking:Dagligvarer  -110.48 DKK
  Expenses:Uncategorized  110.48 DKK

2023-09-13 * "Udl. kortbetaling, 1.50% af DKK -75" "Bankgebyrer" #spiir
  spiir-id: "638301928131498557"
  Assets:Checking:Dagligvarer  -1.14 DKK
  Expenses:Bank:Fees  1.14 DKK

2023-09-13 * "Shin Kong Mitsukoshi Depa Kaohsiu" "" #spiir
  spiir-id: "638301928131498558"
  Assets:Checking:Dagligvarer  -75.68 DKK
  Expenses:Uncategorized  75.68 DKK

2023-09-14 * "Udl. kortbetaling, 1.50% af DKK -21" "Bankgebyrer" #spiir
  spiir-id: "638302755915934744"
  Assets:Checking:Primary  -3.24 DKK
  Expenses:Bank:Fees  3.24 DKK

2023-09-14 * "XIANG GANG SHANG JIE S Kaohsiung" "Tøj, sko & accessories" #spiir
  spiir-id: "638302755915934745"
  Assets:Checking:Primary  -215.79 DKK
  Expenses:Shopping:Clothing  215.79 DKK

2023-09-14 * "MobilePay Mia Walsøe Watt-Boolsen" "" #spiir
  spiir-id: "638302757914384926"
  Assets:Checking:Dagligvarer  -500.00 DKK
  Expenses:Uncategorized  500.00 DKK

2023-09-14 * "Google Nest g.co/helppayÆ" "Alarmsystem" #spiir
  spiir-id: "638302757914384927"
  Assets:Checking:Dagligvarer  -40.00 DKK
  Expenses:House:Alarm  40.00 DKK

2023-09-14 * "Udl. kortbetaling, 1.50% af DKK -23" "Bankgebyrer" #spiir
  spiir-id: "638302757914384928"
  Assets:Checking:Dagligvarer  -3.46 DKK
  Expenses:Bank:Fees  3.46 DKK

2023-09-14 * "Ruo Ba Er 04936 Kaohsiung Cit" "Apotek & medicin" #spiir
  spiir-id: "638302757914384929"
  Assets:Checking:Dagligvarer  -230.61 DKK
  Expenses:Health:Pharmacy  230.61 DKK

2023-09-18 * "Cash Fee" "Bankgebyrer" #spiir
  spiir-id: "638306157512415535"
  Assets:Checking:Fixed  -43.92 DKK
  Expenses:Bank:Fees  43.92 DKK

2023-09-18 * "Not Available Taipei" "" #spiir
  spiir-id: "638306157512415536"
  Assets:Checking:Fixed  -4391.52 DKK
  Expenses:Uncategorized  4391.52 DKK

2023-09-19 * "Udl. kortbetaling, 1.50% af DKK -26" "Bankgebyrer" #spiir
  spiir-id: "638307054136496091"
  Assets:Checking:Primary  -4.00 DKK
  Expenses:Bank:Fees  4.00 DKK

2023-09-19 * "Audible*TX7XE3X50 Amzn.com/bill" "" #spiir
  spiir-id: "638307054136496092"
  Assets:Checking:Primary  -266.55 DKK
  Expenses:Uncategorized  266.55 DKK

2023-09-19 * "Udl. kortbetaling, 1.50% af DKK -4" "Bankgebyrer" #spiir
  spiir-id: "638307055959959578"
  Assets:Checking:Dagligvarer  -0.07 DKK
  Expenses:Bank:Fees  0.07 DKK

2023-09-19 * "LINEPAY*HeySongCorporat Taipei" "Dagligvarer" #spiir
  spiir-id: "638307055959959579"
  Assets:Checking:Dagligvarer  -4.40 DKK
  Expenses:Food:Groceries  4.40 DKK

2023-09-19 * "Spotify" "Film, musik & læsestof" #spiir
  spiir-id: "638307055959959580"
  Assets:Checking:Dagligvarer  -124.00 DKK
  Expenses:Entertainment:Media  124.00 DKK

2023-09-20 * "Udl. kortbetaling, 1.50% af DKK -27" "Bankgebyrer" #spiir
  spiir-id: "638307929556071193"
  Assets:Checking:Dagligvarer  -4.09 DKK
  Expenses:Bank:Fees  4.09 DKK

2023-09-20 * "Npc Pingtung" "Brændstof" #spiir
  spiir-id: "638307929556071194"
  Assets:Checking:Dagligvarer  -272.58 DKK
  Expenses:Car:Gas  272.58 DKK

2023-09-20 * "Udl. kortbetaling, 1.50% af DKK -44" "Bankgebyrer" #spiir
  spiir-id: "638307929556071195"
  Assets:Checking:Dagligvarer  -0.66 DKK
  Expenses:Bank:Fees  0.66 DKK

2023-09-20 * "LINEPAY*AutoInstrumentC Taipei" "" #spiir
  spiir-id: "638307929556071196"
  Assets:Checking:Dagligvarer  -44.00 DKK
  Expenses:Uncategorized  44.00 DKK

2023-09-20 * "Apple.Com/Bill Cork" "Online services & software" #spiir
  spiir-id: "638307929556071197"
  Assets:Checking:Dagligvarer  -89.00 DKK
  Expenses:Subscriptions:Software  89.00 DKK

2023-09-20 * "Hotelscom" "Fly & Hotel" #spiir
  spiir-id: "638307929556071198"
  Assets:Checking:Dagligvarer  -434.31 DKK
  Expenses:Travel:Transport  434.31 DKK

2023-09-20 * "Udl. kortbetaling, 1.50% af DKK -19" "Ferieaktiviteter" #spiir
  spiir-id: "638307929556071199"
  Assets:Checking:Dagligvarer  -2.97 DKK
  Expenses:Travel:Activities  2.97 DKK

2023-09-20 * "Sea View Pingtung" "Biograf, koncerter & forlystelser" #spiir
  spiir-id: "638307929556071200"
  Assets:Checking:Dagligvarer  -198.00 DKK
  Expenses:Entertainment:Events  198.00 DKK

2023-09-21 * "Udl. kortbetaling, 1.50% af DKK -25" "Ferieaktiviteter" #spiir
  spiir-id: "638308821150091237"
  Assets:Checking:Dagligvarer  -3.87 DKK
  Expenses:Travel:Activities  3.87 DKK

2023-09-21 * "Gloria Manor Pintung" "Fly & Hotel" #spiir
  spiir-id: "638308821150091238"
  Assets:Checking:Dagligvarer  -258.05 DKK
  Expenses:Travel:Transport  258.05 DKK

2023-09-21 * "Udl. kortbetaling, 1.50% af DKK -19" "Ferieaktiviteter" #spiir
  spiir-id: "638308821150091239"
  Assets:Checking:Dagligvarer  -0.30 DKK
  Expenses:Travel:Activities  0.30 DKK

2023-09-21 * "LINEPAY*AutoInstrumentC Taipei" "" #spiir
  spiir-id: "638308821150091240"
  Assets:Checking:Dagligvarer  -19.80 DKK
  Expenses:Uncategorized  19.80 DKK

2023-09-22 * "Udl. kortbetaling, 1.50% af DKK -18" "Bankgebyrer" #spiir
  spiir-id: "638309703030847526"
  Assets:Checking:Primary  -2.75 DKK
  Expenses:Bank:Fees  2.75 DKK

2023-09-22 * "Han Shen 04336 Kaohsiung Cit" "" #spiir
  spiir-id: "638309703030847527"
  Assets:Checking:Primary  -183.15 DKK
  Expenses:Uncategorized  183.15 DKK

2023-09-22 * "Udl. kortbetaling, 1.50% af DKK -12" "Bankgebyrer" #spiir
  spiir-id: "638309703030978457"
  Assets:Checking:Primary  -1.93 DKK
  Expenses:Bank:Fees  1.93 DKK

2023-09-22 * "Han Shen 04336 Kaohsiung Cit" "" #spiir
  spiir-id: "638309703030978460"
  Assets:Checking:Primary  -128.64 DKK
  Expenses:Uncategorized  128.64 DKK

2023-09-22 * "Til Dagligvarer" "Kontooverførsel" #spiir
  spiir-id: "638309703030978463"
  Assets:Checking:Primary  -1000.00 DKK
  Assets:Transfer  1000.00 DKK

2023-09-22 * "Udl. kortbetaling, 1.50% af DKK -67" "Bankgebyrer" #spiir
  spiir-id: "638309704284894519"
  Assets:Checking:Dagligvarer  -10.07 DKK
  Expenses:Bank:Fees  10.07 DKK

2023-09-22 * "Han Shen 04336 Kaohsiung Cit" "" #spiir
  spiir-id: "638309704284894520"
  Assets:Checking:Dagligvarer  -671.55 DKK
  Expenses:Uncategorized  671.55 DKK

2023-09-22 * "Udl. kortbetaling, 1.50% af DKK -88" "Bankgebyrer" #spiir
  spiir-id: "638309704284894521"
  Assets:Checking:Dagligvarer  -1.33 DKK
  Expenses:Bank:Fees  1.33 DKK

2023-09-22 * "Han Shen 04336 Kaohsiung Cit" "" #spiir
  spiir-id: "638309704284894522"
  Assets:Checking:Dagligvarer  -88.52 DKK
  Expenses:Uncategorized  88.52 DKK

2023-09-22 * "Fra Primary" "Kontooverførsel" #spiir
  spiir-id: "638309704284894523"
  Assets:Checking:Dagligvarer  1000.00 DKK
  Assets:Transfer  -1000.00 DKK

2023-09-22 * "Taiwan" "" #spiir
  spiir-id: "638309704284894524"
  Assets:Checking:Dagligvarer  1000.00 DKK
  Expenses:Uncategorized  -1000.00 DKK

2023-09-25 * "Udl. kortbetaling, 1.50% af DKK -19" "Ferieaktiviteter" #spiir
  spiir-id: "638312244995695360"
  Assets:Checking:Dagligvarer  -0.29 DKK
  Expenses:Travel:Activities  0.29 DKK

2023-09-25 * "LINEPAY*AutoInstrumentC Taipei" "" #spiir
  spiir-id: "638312244995695361"
  Assets:Checking:Dagligvarer  -19.62 DKK
  Expenses:Uncategorized  19.62 DKK

2023-09-26 * "Udl. kortbetaling, 1.50% af DKK -38" "Bankgebyrer" #spiir
  spiir-id: "638313113020686496"
  Assets:Checking:Primary  -5.72 DKK
  Expenses:Bank:Fees  5.72 DKK

2023-09-26 * "Eslite Taipei" "Film, musik & læsestof" #spiir
  spiir-id: "638313113020686497"
  Assets:Checking:Primary  -381.64 DKK
  Expenses:Entertainment:Media  381.64 DKK

2023-09-26 * "Udl. kortbetaling, 1.50% af DKK -26" "Bankgebyrer" #spiir
  spiir-id: "638313113020686498"
  Assets:Checking:Primary  -4.02 DKK
  Expenses:Bank:Fees  4.02 DKK

2023-09-26 * "Eslite Taipei" "Film, musik & læsestof" #spiir
  spiir-id: "638313113020686499"
  Assets:Checking:Primary  -268.06 DKK
  Expenses:Entertainment:Media  268.06 DKK

2023-09-26 * "Udl. kortbetaling, 1.50% af DKK -22" "Bankgebyrer" #spiir
  spiir-id: "638313113020686500"
  Assets:Checking:Primary  -3.33 DKK
  Expenses:Bank:Fees  3.33 DKK

2023-09-26 * "Eslite Taipei" "Film, musik & læsestof" #spiir
  spiir-id: "638313113020686501"
  Assets:Checking:Primary  -222.11 DKK
  Expenses:Entertainment:Media  222.11 DKK

2023-09-26 * "Udl. kortbetaling, 1.50% af DKK -52" "Bankgebyrer" #spiir
  spiir-id: "638313114342139254"
  Assets:Checking:Dagligvarer  -0.79 DKK
  Expenses:Bank:Fees  0.79 DKK

2023-09-26 * "Line Pay Taipei" "Bus, tog, færge o.l." #spiir
  spiir-id: "638313114342139255"
  Assets:Checking:Dagligvarer  -52.52 DKK
  Expenses:Transport:Public  52.52 DKK

2023-09-26 * "Udl. kortbetaling, 1.50% af DKK -21" "Bankgebyrer" #spiir
  spiir-id: "638313114342139256"
  Assets:Checking:Dagligvarer  -0.33 DKK
  Expenses:Bank:Fees  0.33 DKK

2023-09-26 * "LINEPAY*NONE Taipei" "Bar, cafe & restaurant" #spiir
  spiir-id: "638313114342139257"
  Assets:Checking:Dagligvarer  -21.88 DKK
  Expenses:Food:Restaurant  21.88 DKK

2023-09-26 * "Udl. kortbetaling, 1.50% af DKK -17" "Bankgebyrer" #spiir
  spiir-id: "638313114342139258"
  Assets:Checking:Dagligvarer  -2.62 DKK
  Expenses:Bank:Fees  2.62 DKK

2023-09-26 * "Eslite Taipei" "Film, musik & læsestof" #spiir
  spiir-id: "638313114342139259"
  Assets:Checking:Dagligvarer  -174.62 DKK
  Expenses:Entertainment:Media  174.62 DKK

2023-09-26 * "Udl. kortbetaling, 1.50% af DKK -74" "Bankgebyrer" #spiir
  spiir-id: "638313114342139260"
  Assets:Checking:Dagligvarer  -1.12 DKK
  Expenses:Bank:Fees  1.12 DKK

2023-09-26 * "Eslite Taipei" "Film, musik & læsestof" #spiir
  spiir-id: "638313114342139261"
  Assets:Checking:Dagligvarer  -74.40 DKK
  Expenses:Entertainment:Media  74.40 DKK

2023-09-26 * "Udl. kortbetaling, 1.50% af DKK -13" "Bankgebyrer" #spiir
  spiir-id: "638313114342139262"
  Assets:Checking:Dagligvarer  -0.20 DKK
  Expenses:Bank:Fees  0.20 DKK

2023-09-26 * "LINEPAY*AutoInstrumentC Taipei" "" #spiir
  spiir-id: "638313114342139263"
  Assets:Checking:Dagligvarer  -13.13 DKK
  Expenses:Uncategorized  13.13 DKK

2023-09-26 * "Udl. kortbetaling, 1.50% af DKK -18" "Bankgebyrer" #spiir
  spiir-id: "638313114342139264"
  Assets:Checking:Dagligvarer  -0.28 DKK
  Expenses:Bank:Fees  0.28 DKK

2023-09-26 * "Cama Kaohsiung" "Fastfood & takeaway" #spiir
  spiir-id: "638313114342139265"
  Assets:Checking:Dagligvarer  -18.56 DKK
  Expenses:Food:Takeaway  18.56 DKK

2023-09-26 * "Airbnb Hmd5azzqc8 458-988-2000" "Fly & Hotel" #spiir
  spiir-id: "638313114342139266"
  Assets:Checking:Dagligvarer  -3535.42 DKK
  Expenses:Travel:Transport  3535.42 DKK

2023-09-27 * "Udl. kortbetaling, 1.50% af DKK -83" "Bankgebyrer" #spiir
  spiir-id: "638313993380637876"
  Assets:Checking:Primary  -12.48 DKK
  Expenses:Bank:Fees  12.48 DKK

2023-09-27 * "Modularbottle.Com Modularbottle" "" #spiir
  spiir-id: "638313993380752603"
  Assets:Checking:Primary  -832.17 DKK
  Expenses:Uncategorized  832.17 DKK

2023-09-27 * "Udl. kortbetaling, 1.50% af DKK -28" "Bankgebyrer" #spiir
  spiir-id: "638313993380752604"
  Assets:Checking:Primary  -4.27 DKK
  Expenses:Bank:Fees  4.27 DKK

2023-09-27 * "Hua Shan 00283 Taipei City" "Bar, cafe & restaurant" #spiir
  spiir-id: "638313993380752605"
  Assets:Checking:Primary  -284.48 DKK
  Expenses:Food:Restaurant  284.48 DKK

2023-09-27 * "Udl. kortbetaling, 1.50% af DKK -32" "Bankgebyrer" #spiir
  spiir-id: "638313993380752606"
  Assets:Checking:Primary  -0.49 DKK
  Expenses:Bank:Fees  0.49 DKK

2023-09-27 * "Hua Shan 00283 Taipei City" "Bar, cafe & restaurant" #spiir
  spiir-id: "638313993380752607"
  Assets:Checking:Primary  -32.82 DKK
  Expenses:Food:Restaurant  32.82 DKK

2023-09-27 * "Udl. kortbetaling, 1.50% af DKK -24" "Bankgebyrer" #spiir
  spiir-id: "638313994427950797"
  Assets:Checking:Dagligvarer  -3.65 DKK
  Expenses:Bank:Fees  3.65 DKK

2023-09-27 * "Hua Shan 02610 Taipei City" "" #spiir
  spiir-id: "638313994427950798"
  Assets:Checking:Dagligvarer  -243.12 DKK
  Expenses:Uncategorized  243.12 DKK

2023-09-27 * "Udl. kortbetaling, 1.50% af DKK -31" "Bankgebyrer" #spiir
  spiir-id: "638313994427950799"
  Assets:Checking:Dagligvarer  -4.69 DKK
  Expenses:Bank:Fees  4.69 DKK

2023-09-27 * "Hua Shan 00283 Taipei City" "Bar, cafe & restaurant" #spiir
  spiir-id: "638313994427950800"
  Assets:Checking:Dagligvarer  -312.92 DKK
  Expenses:Food:Restaurant  312.92 DKK

2023-09-27 * "Airbnb Taipei" "Fly & Hotel" #spiir
  spiir-id: "638314846322132070"
  Assets:Checking:Dagligvarer  2000.00 DKK
  Expenses:Travel:Transport  -2000.00 DKK

2023-09-29 * "Huslån - PRM" "Kontooverførsel" #spiir
  spiir-id: "638315780903667860"
  Assets:Checking:Primary  -8947.08 DKK
  Assets:Transfer  8947.08 DKK

2023-09-29 * "Nedbetaling huslån - PRM" "Kontooverførsel" #spiir
  spiir-id: "638315780903667861"
  Assets:Checking:Primary  -8947.08 DKK
  Assets:Transfer  8947.08 DKK

2023-09-29 * "Huslån - LAH" "Kontooverførsel" #spiir
  spiir-id: "638315781751967504"
  Assets:Checking:Fixed  8947.08 DKK
  Assets:Transfer  -8947.08 DKK

2023-09-29 * "Huslån - PRM" "Kontooverførsel" #spiir
  spiir-id: "638315781751967505"
  Assets:Checking:Fixed  8947.08 DKK
  Assets:Transfer  -8947.08 DKK

2023-09-29 * "Realkredit Danmark" "Boliglån/husleje" #spiir
  spiir-id: "638315781751967506"
  Assets:Checking:Fixed  -17894.14 DKK
  Expenses:House:Mortgage  17894.14 DKK

2023-10-01 * "Lønoverførsel" "Løn" #spiir
  spiir-id: "638315780903667862"
  Assets:Checking:Primary  15689.33 DKK
  Income:Salary  -15689.33 DKK

2023-10-01 * "ntd 18 sept" "Kontooverførsel" #spiir
  spiir-id: "638318358719285637"
  Assets:Checking:Primary  -4392.00 DKK
  Assets:Transfer  4392.00 DKK

2023-10-01 * "Til Dagligvarer" "Kontooverførsel" #spiir
  spiir-id: "638318358719285638"
  Assets:Checking:Primary  -2000.00 DKK
  Assets:Transfer  2000.00 DKK

2023-10-01 * "ntd 18 sept" "Kontooverførsel" #spiir
  spiir-id: "638318360135861494"
  Assets:Checking:Fixed  4392.00 DKK
  Assets:Transfer  -4392.00 DKK

2023-10-01 * "Fra Primary" "Kontooverførsel" #spiir
  spiir-id: "638318360898837386"
  Assets:Checking:Dagligvarer  2000.00 DKK
  Assets:Transfer  -2000.00 DKK

2023-10-02 * "Tandforsikring - PRM" "Kontooverførsel" #spiir
  spiir-id: "638318358719285623"
  Assets:Checking:Primary  -60.00 DKK
  Assets:Transfer  60.00 DKK

2023-10-02 * "Spotify" "Kontooverførsel" #spiir
  spiir-id: "638318358719285624"
  Assets:Checking:Primary  -97.00 DKK
  Assets:Transfer  97.00 DKK

2023-10-02 * "Bilforsikr, afgift - PRM" "Kontooverførsel" #spiir
  spiir-id: "638318358719285625"
  Assets:Checking:Primary  -250.00 DKK
  Assets:Transfer  250.00 DKK

2023-10-02 * "Hus, indboforsikr - PRM" "Kontooverførsel" #spiir
  spiir-id: "638318358719285626"
  Assets:Checking:Primary  -347.00 DKK
  Assets:Transfer  347.00 DKK

2023-10-02 * "El, vand og varme - PRM" "Kontooverførsel" #spiir
  spiir-id: "638318358719285627"
  Assets:Checking:Primary  -1084.00 DKK
  Assets:Transfer  1084.00 DKK

2023-10-02 * "Ejendommensskat - PRM" "Kontooverførsel" #spiir
  spiir-id: "638318358719285628"
  Assets:Checking:Primary  -1224.50 DKK
  Assets:Transfer  1224.50 DKK

2023-10-02 * "Vuggestue - PRM" "Kontooverførsel" #spiir
  spiir-id: "638318358719285629"
  Assets:Checking:Primary  -2010.50 DKK
  Assets:Transfer  2010.50 DKK

2023-10-02 * "Dagligvarer - PRM" "Kontooverførsel" #spiir
  spiir-id: "638318358719285630"
  Assets:Checking:Primary  -3500.00 DKK
  Assets:Transfer  3500.00 DKK

2023-10-02 * "Nordnet Aktiedepot" "Værdipapirshandel" #spiir
  spiir-id: "638318358719285631"
  Assets:Checking:Primary  -5000.00 DKK
  Assets:Savings:Investments  5000.00 DKK

2023-10-02 * "iCloud Fastefæll.udgifte" "Kontooverførsel" #spiir
  spiir-id: "638318358719285632"
  Assets:Checking:Primary  69.00 DKK
  Assets:Transfer  -69.00 DKK

2023-10-02 * "valbykino.dk" "Biograf, koncerter & forlystelser" #spiir
  spiir-id: "638318358719285633"
  Assets:Checking:Primary  -85.00 DKK
  Expenses:Entertainment:Events  85.00 DKK

2023-10-02 * "hiper.dk" "Telefoni & internet" #spiir
  spiir-id: "638318358719285634"
  Assets:Checking:Primary  -319.00 DKK
  Expenses:Subscriptions:Telecom  319.00 DKK

2023-10-02 * "hiper.dk" "Telefoni & internet" #spiir
  spiir-id: "638318358719285635"
  Assets:Checking:Primary  -289.00 DKK
  Expenses:Subscriptions:Telecom  289.00 DKK

2023-10-02 * "3 Danmark Koebenhavn SV" "Telefoni & internet" #spiir
  spiir-id: "638318358719285636"
  Assets:Checking:Primary  -160.00 DKK
  Expenses:Subscriptions:Telecom  160.00 DKK

2023-10-02 * "Tandforsikring - LAH" "Kontooverførsel" #spiir
  spiir-id: "638318360135730081"
  Assets:Checking:Fixed  60.00 DKK
  Assets:Transfer  -60.00 DKK

2023-10-02 * "Spotify" "Kontooverførsel" #spiir
  spiir-id: "638318360135730082"
  Assets:Checking:Fixed  97.00 DKK
  Assets:Transfer  -97.00 DKK

2023-10-02 * "Bilforsikr, afgift - LAH" "Kontooverførsel" #spiir
  spiir-id: "638318360135730083"
  Assets:Checking:Fixed  250.00 DKK
  Assets:Transfer  -250.00 DKK

2023-10-02 * "Hus, indboforsikr - LAH" "Kontooverførsel" #spiir
  spiir-id: "638318360135730084"
  Assets:Checking:Fixed  347.00 DKK
  Assets:Transfer  -347.00 DKK

2023-10-02 * "El, vand og varme - LAH" "Kontooverførsel" #spiir
  spiir-id: "638318360135730085"
  Assets:Checking:Fixed  1084.00 DKK
  Assets:Transfer  -1084.00 DKK

2023-10-02 * "Ejendomsskat - LAH" "Kontooverførsel" #spiir
  spiir-id: "638318360135861482"
  Assets:Checking:Fixed  1224.50 DKK
  Assets:Transfer  -1224.50 DKK

2023-10-02 * "Vuggestue - LAH" "Kontooverførsel" #spiir
  spiir-id: "638318360135861483"
  Assets:Checking:Fixed  2010.50 DKK
  Assets:Transfer  -2010.50 DKK

2023-10-02 * "Tandforsikring - PRM" "Sundheds- & sygeforsikring" #spiir
  spiir-id: "638318360135861484"
  Assets:Checking:Fixed  60.00 DKK
  Expenses:Insurance:Health  -60.00 DKK

2023-10-02 * "Spotify" "Film, musik & læsestof" #spiir
  spiir-id: "638318360135861485"
  Assets:Checking:Fixed  97.00 DKK
  Expenses:Entertainment:Media  -97.00 DKK

2023-10-02 * "Bilforsikr, afgift - PRM" "Bilforsikring & autohjælp" #spiir
  spiir-id: "638318360135861486"
  Assets:Checking:Fixed  250.00 DKK
  Expenses:Car:Insurance  -250.00 DKK

2023-10-02 * "Hus, indboforsikr - PRM" "Husforsikring" #spiir
  spiir-id: "638318360135861487"
  Assets:Checking:Fixed  347.00 DKK
  Expenses:House:Insurance  -347.00 DKK

2023-10-02 * "El, vand og varme - PRM" "El, vand, varme & renovation" #spiir
  spiir-id: "638318360135861488"
  Assets:Checking:Fixed  1084.00 DKK
  Expenses:House:Heating  -1084.00 DKK

2023-10-02 * "Ejendommensskat - PRM" "Ejendomsskat" #spiir
  spiir-id: "638318360135861489"
  Assets:Checking:Fixed  1224.50 DKK
  Expenses:House:Tax  -1224.50 DKK

2023-10-02 * "Vuggestue - PRM" "Institution" #spiir
  spiir-id: "638318360135861490"
  Assets:Checking:Fixed  2010.50 DKK
  Expenses:Kids:Institution  -2010.50 DKK

2023-10-02 * "iCloud" "Kontooverførsel" #spiir
  spiir-id: "638318360135861491"
  Assets:Checking:Fixed  -69.00 DKK
  Assets:Transfer  69.00 DKK

2023-10-02 * "Tryg" "Indbo- & familieforsikring" #spiir
  spiir-id: "638318360135861492"
  Assets:Checking:Fixed  -378.52 DKK
  Expenses:House:Contents-Insurance  378.52 DKK

2023-10-02 * "Tryg" "Indbo- & familieforsikring" #spiir
  spiir-id: "638318360135861493"
  Assets:Checking:Fixed  -3391.23 DKK
  Expenses:House:Contents-Insurance  3391.23 DKK

2023-10-02 * "Kens penge til Youyou" "" #spiir
  spiir-id: "638318360898684638"
  Assets:Checking:Dagligvarer  2591.00 DKK
  Expenses:Uncategorized  -2591.00 DKK

2023-10-02 * "Fællesudgifter" "Kontooverførsel" #spiir
  spiir-id: "638318360898837379"
  Assets:Checking:Dagligvarer  3500.00 DKK
  Assets:Transfer  -3500.00 DKK

2023-10-02 * "Dagligvarer - PRM" "Dagligvarer" #spiir
  spiir-id: "638318360898837380"
  Assets:Checking:Dagligvarer  3500.00 DKK
  Expenses:Food:Groceries  -3500.00 DKK

2023-10-02 * "Netto Gl. Køge Lan" "Dagligvarer" #spiir
  spiir-id: "638318360898837381"
  Assets:Checking:Dagligvarer  -498.55 DKK
  Expenses:Food:Groceries  498.55 DKK

2023-10-02 * "Lidl" "Dagligvarer" #spiir
  spiir-id: "638318360898837382"
  Assets:Checking:Dagligvarer  -195.00 DKK
  Expenses:Food:Groceries  195.00 DKK

2023-10-02 * "Netto Gl. Køge Lan" "Dagligvarer" #spiir
  spiir-id: "638318360898837383"
  Assets:Checking:Dagligvarer  -274.20 DKK
  Expenses:Food:Groceries  274.20 DKK

2023-10-02 * "Udl. kortbetaling, 1.50% af DKK -11" "Bankgebyrer" #spiir
  spiir-id: "638318360898837384"
  Assets:Checking:Dagligvarer  -1.70 DKK
  Expenses:Bank:Fees  1.70 DKK

2023-10-02 * "Burger King-Sbia D(West) Samutpr" "Fastfood & takeaway" #spiir
  spiir-id: "638318360898837385"
  Assets:Checking:Dagligvarer  -113.37 DKK
  Expenses:Food:Takeaway  113.37 DKK

2023-10-03 * "Intrum A/S" "Forbrugslån" #spiir
  spiir-id: "638319224775183222"
  Assets:Checking:Dagligvarer  -440.65 DKK
  Expenses:Loans:Consumer  440.65 DKK

2023-10-03 * "Udl. kortbetaling, 1.50% af DKK -22" "Bankgebyrer" #spiir
  spiir-id: "638319224775183223"
  Assets:Checking:Dagligvarer  -0.34 DKK
  Expenses:Bank:Fees  0.34 DKK

2023-10-03 * "Dairy Queen Sbia Int As F Samutpr" "Fastfood & takeaway" #spiir
  spiir-id: "638319224775183224"
  Assets:Checking:Dagligvarer  -22.87 DKK
  Expenses:Food:Takeaway  22.87 DKK

2023-10-03 * "Udl. kortbetaling, 1.50% af DKK -60" "Bankgebyrer" #spiir
  spiir-id: "638319224775183225"
  Assets:Checking:Dagligvarer  -0.91 DKK
  Expenses:Bank:Fees  0.91 DKK

2023-10-03 * "King Power Tax Free-Svb Samutpr" "Kiosk, bager & specialbutikker" #spiir
  spiir-id: "638319224775183226"
  Assets:Checking:Dagligvarer  -60.79 DKK
  Expenses:Food:Kiosk  60.79 DKK

2023-10-03 * "Parkman" "Parkering" #spiir
  spiir-id: "638319224775183227"
  Assets:Checking:Dagligvarer  -30.59 DKK
  Expenses:Car:Parking  30.59 DKK

2023-10-03 * "Early Bird Special" "Bar, cafe & restaurant" #spiir
  spiir-id: "638320113451154279"
  Assets:Checking:Dagligvarer  -3.00 DKK
  Expenses:Food:Restaurant  3.00 DKK

2023-10-03 * "Early Bird Special" "Bar, cafe & restaurant" #spiir
  spiir-id: "638320113451270513"
  Assets:Checking:Dagligvarer  -500.00 DKK
  Expenses:Food:Restaurant  500.00 DKK

2023-10-04 * "MobilePay Orion Madsen" "Gaver & velgørenhed" #spiir
  spiir-id: "638320111518478694"
  Assets:Checking:Primary  -500.00 DKK
  Expenses:Gifts  500.00 DKK

2023-10-04 * "Lidl" "Dagligvarer" #spiir
  spiir-id: "638320113451154278"
  Assets:Checking:Dagligvarer  -162.00 DKK
  Expenses:Food:Groceries  162.00 DKK

2023-10-04 * "MobilePay Kirstinehøjs Pølsevogn" "Fastfood & takeaway" #spiir
  spiir-id: "638320945347554702"
  Assets:Checking:Primary  -43.00 DKK
  Expenses:Food:Takeaway  43.00 DKK

2023-10-04 * "MobilePay Nila Kashi" "" #spiir
  spiir-id: "638320948032311940"
  Assets:Checking:Dagligvarer  -30.00 DKK
  Expenses:Uncategorized  30.00 DKK

2023-10-05 * "Sp Quad Lock Europe South Yarra" "Tøj, sko & accessories" #spiir
  spiir-id: "638320945347554701"
  Assets:Checking:Primary  -410.11 DKK
  Expenses:Shopping:Clothing  410.11 DKK

2023-10-05 * "Netto Gl. Køge Lan" "Dagligvarer" #spiir
  spiir-id: "638321784052883765"
  Assets:Checking:Dagligvarer  -168.10 DKK
  Expenses:Food:Groceries  168.10 DKK

2023-10-06 * "Hvidovre kommune" "Institution" #spiir
  spiir-id: "638321783172564142"
  Assets:Checking:Fixed  -4557.14 DKK
  Expenses:Kids:Institution  4557.14 DKK

2023-10-06 * "Roast Coffee A Kobenhavn" "Bar, cafe & restaurant" #spiir
  spiir-id: "638321784052883762"
  Assets:Checking:Dagligvarer  -108.00 DKK
  Expenses:Food:Restaurant  108.00 DKK

2023-10-06 * "UME ASIAN SUPERMARKET Kobenhavn" "Dagligvarer" #spiir
  spiir-id: "638321784052883763"
  Assets:Checking:Dagligvarer  -41.80 DKK
  Expenses:Food:Groceries  41.80 DKK

2023-10-06 * "Kft Jylland-Kbh Koebenhavn V" "Dagligvarer" #spiir
  spiir-id: "638321784052883764"
  Assets:Checking:Dagligvarer  -158.18 DKK
  Expenses:Food:Groceries  158.18 DKK

2023-10-06 * "Coffeenhagen" "Bar, cafe & restaurant" #spiir
  spiir-id: "638322650354540431"
  Assets:Checking:Primary  -40.00 DKK
  Expenses:Food:Restaurant  40.00 DKK

2023-10-06 * "Coffeenhagen" "Bar, cafe & restaurant" #spiir
  spiir-id: "638322650354540432"
  Assets:Checking:Primary  -75.00 DKK
  Expenses:Food:Restaurant  75.00 DKK

2023-10-06 * "Netto Toftegårds A" "Dagligvarer" #spiir
  spiir-id: "638322651744556431"
  Assets:Checking:Dagligvarer  -45.90 DKK
  Expenses:Food:Groceries  45.90 DKK

2023-10-09 * "jem & fix" "Ombygning & vedligehold" #spiir
  spiir-id: "638324361854415004"
  Assets:Checking:Dagligvarer  -99.00 DKK
  Expenses:House:Renovation  99.00 DKK

2023-10-09 * "Lidl" "Dagligvarer" #spiir
  spiir-id: "638324361854521822"
  Assets:Checking:Dagligvarer  -137.15 DKK
  Expenses:Food:Groceries  137.15 DKK

2023-10-09 * "Kino I Valby Ivs Valby" "Biograf, koncerter & forlystelser" #spiir
  spiir-id: "638324361854521823"
  Assets:Checking:Dagligvarer  -25.00 DKK
  Expenses:Entertainment:Events  25.00 DKK

2023-10-09 * "Børneloppen Valby" "Babyudstyr" #spiir
  spiir-id: "638324361854521824"
  Assets:Checking:Dagligvarer  -37.50 DKK
  Expenses:Kids:Baby  37.50 DKK

2023-10-10 * "BonusTryghedsGruppen" "Indbo- & familieforsikring" #spiir
  spiir-id: "638325258863627500"
  Assets:Checking:Primary  593.34 DKK
  Expenses:House:Contents-Insurance  -593.34 DKK

2023-10-10 * "Stokke barnevogn" "Babyudstyr" #spiir
  spiir-id: "638325260317402040"
  Assets:Checking:Dagligvarer  1000.00 DKK
  Expenses:Kids:Baby  -1000.00 DKK

2023-10-10 * "Ku Be Frederik Frederiksb" "" #spiir
  spiir-id: "638325260317402041"
  Assets:Checking:Dagligvarer  -98.00 DKK
  Expenses:Uncategorized  98.00 DKK

2023-10-10 * "Børneloppen Valby" "Babyudstyr" #spiir
  spiir-id: "638325260317402042"
  Assets:Checking:Dagligvarer  -150.00 DKK
  Expenses:Kids:Baby  150.00 DKK

2023-10-10 * "E Billet A/S" "Biograf, koncerter & forlystelser" #spiir
  spiir-id: "638326112476568538"
  Assets:Checking:Primary  -205.00 DKK
  Expenses:Entertainment:Events  205.00 DKK

2023-10-10 * "Coop365NrFarimagsg" "Dagligvarer" #spiir
  spiir-id: "638326113487516552"
  Assets:Checking:Dagligvarer  -60.00 DKK
  Expenses:Food:Groceries  60.00 DKK

2023-10-11 * "Klarna Outnorth.Dk Stockholm" "Tøj, sko & accessories" #spiir
  spiir-id: "638326112476568537"
  Assets:Checking:Primary  -547.00 DKK
  Expenses:Shopping:Clothing  547.00 DKK

2023-10-11 * "Freetrailer +4588537700" "Andet privatforbrug" #spiir
  spiir-id: "638326113487516551"
  Assets:Checking:Dagligvarer  -84.00 DKK
  Expenses:Shopping:Other  84.00 DKK

2023-10-11 * "Mirabelle" "Bar, cafe & restaurant" #spiir
  spiir-id: "638326982814536972"
  Assets:Checking:Primary  -80.00 DKK
  Expenses:Food:Restaurant  80.00 DKK

2023-10-11 * "MobilePay Jens Emil V. K" "" #spiir
  spiir-id: "638326982814536973"
  Assets:Checking:Primary  103.00 DKK
  Expenses:Uncategorized  -103.00 DKK

2023-10-11 * "DSB Toilet" "Bus, tog, færge o.l." #spiir
  spiir-id: "638326984340171961"
  Assets:Checking:Dagligvarer  -5.00 DKK
  Expenses:Transport:Public  5.00 DKK

2023-10-11 * "DSB 7-Eleven Øster" "Kiosk, bager & specialbutikker" #spiir
  spiir-id: "638326984340171962"
  Assets:Checking:Dagligvarer  -34.00 DKK
  Expenses:Food:Kiosk  34.00 DKK

2023-10-12 * "Roast Coffee ApS Kobenha" "Bar, cafe & restaurant" #spiir
  spiir-id: "638326982814536970"
  Assets:Checking:Primary  -70.00 DKK
  Expenses:Food:Restaurant  70.00 DKK

2023-10-12 * "Rejsekort - DSB" "Bus, tog, færge o.l." #spiir
  spiir-id: "638326982814536971"
  Assets:Checking:Primary  -300.00 DKK
  Expenses:Transport:Public  300.00 DKK

2023-10-12 * "Dumpo ApS Koebenhavn v" "Bar, cafe & restaurant" #spiir
  spiir-id: "638326984340171960"
  Assets:Checking:Dagligvarer  -247.50 DKK
  Expenses:Food:Restaurant  247.50 DKK

2023-10-12 * "Dunkin Donuts HGB" "Kiosk, bager & specialbutikker" #spiir
  spiir-id: "638327839911430371"
  Assets:Checking:Primary  -26.00 DKK
  Expenses:Food:Kiosk  26.00 DKK

2023-10-12 * "Sheiks Søbenhhawar" "Bar, cafe & restaurant" #spiir
  spiir-id: "638327839911430372"
  Assets:Checking:Primary  -55.00 DKK
  Expenses:Food:Restaurant  55.00 DKK

2023-10-12 * "Kvickly Hvidovre" "Dagligvarer" #spiir
  spiir-id: "638327841146473741"
  Assets:Checking:Dagligvarer  -9.90 DKK
  Expenses:Food:Groceries  9.90 DKK

2023-10-12 * "Kvickly Hvidovre" "Dagligvarer" #spiir
  spiir-id: "638327841146473742"
  Assets:Checking:Dagligvarer  -397.15 DKK
  Expenses:Food:Groceries  397.15 DKK

2023-10-12 * "Early Bird Special" "Bar, cafe & restaurant" #spiir
  spiir-id: "638327841146473743"
  Assets:Checking:Dagligvarer  -3.00 DKK
  Expenses:Food:Restaurant  3.00 DKK

2023-10-12 * "Early Bird Special" "Bar, cafe & restaurant" #spiir
  spiir-id: "638327841146473744"
  Assets:Checking:Dagligvarer  -250.00 DKK
  Expenses:Food:Restaurant  250.00 DKK

2023-10-13 * "Udl. kortbetaling, 1.50% af DKK -10" "Bankgebyrer" #spiir
  spiir-id: "638327839911430369"
  Assets:Checking:Primary  -1.58 DKK
  Expenses:Bank:Fees  1.58 DKK

2023-10-13 * "Audible*TE2IK4R32 Amzn.com/bill" "" #spiir
  spiir-id: "638327839911430370"
  Assets:Checking:Primary  -105.36 DKK
  Expenses:Uncategorized  105.36 DKK

2023-10-13 * "UME ASIAN SUPERMARKET Kobenhavn" "Dagligvarer" #spiir
  spiir-id: "638327841146473740"
  Assets:Checking:Dagligvarer  -107.65 DKK
  Expenses:Food:Groceries  107.65 DKK

2023-10-13 * "MobilePay Ulf Kvistborg" "" #spiir
  spiir-id: "638328694517191968"
  Assets:Checking:Primary  -360.00 DKK
  Expenses:Uncategorized  360.00 DKK

2023-10-14 * "MobilePay Frisk-Matic - Hvidovre Ho" "Ombygning & vedligehold" #spiir
  spiir-id: "638329532793332211"
  Assets:Checking:Primary  -8.00 DKK
  Expenses:House:Renovation  8.00 DKK

2023-10-14 * "MobilePay Christina Døj" "" #spiir
  spiir-id: "638329533821025985"
  Assets:Checking:Dagligvarer  -75.00 DKK
  Expenses:Uncategorized  75.00 DKK

2023-10-16 * "Intrum A/S" "Forbrugslån" #spiir
  spiir-id: "638330383184334387"
  Assets:Checking:Dagligvarer  -200.00 DKK
  Expenses:Loans:Consumer  200.00 DKK

2023-10-16 * "Netto Hvidovrevej" "Dagligvarer" #spiir
  spiir-id: "638330383256210309"
  Assets:Checking:Dagligvarer  -290.45 DKK
  Expenses:Food:Groceries  290.45 DKK

2023-10-16 * "Coop365Hørve" "Dagligvarer" #spiir
  spiir-id: "638330383256210310"
  Assets:Checking:Dagligvarer  -181.95 DKK
  Expenses:Food:Groceries  181.95 DKK

2023-10-16 * "REMA 1000 Kbh Bryg" "Dagligvarer" #spiir
  spiir-id: "638330383256210311"
  Assets:Checking:Dagligvarer  -56.00 DKK
  Expenses:Food:Groceries  56.00 DKK

2023-10-16 * "Google Nest g.co/helppayÆ" "Alarmsystem" #spiir
  spiir-id: "638330383256210312"
  Assets:Checking:Dagligvarer  -40.00 DKK
  Expenses:House:Alarm  40.00 DKK

2023-10-16 * "Garant Amager ApS" "Ombygning & vedligehold" #spiir
  spiir-id: "638331525041129123"
  Assets:Checking:Primary  -1995.00 DKK
  Expenses:House:Renovation  1995.00 DKK

2023-10-16 * "MobilePay Dan Meakin" "Bar, cafe & restaurant" #spiir
  spiir-id: "638331525041129124"
  Assets:Checking:Primary  -106.00 DKK
  Expenses:Food:Restaurant  106.00 DKK

2023-10-17 * "Netto Hvidovrevej" "Dagligvarer" #spiir
  spiir-id: "638331526081586574"
  Assets:Checking:Dagligvarer  -87.70 DKK
  Expenses:Food:Groceries  87.70 DKK

2023-10-18 * "Let-Koeb Hvidovre Hvidovre" "Dagligvarer" #spiir
  spiir-id: "638332127043214640"
  Assets:Checking:Dagligvarer  -27.90 DKK
  Expenses:Food:Groceries  27.90 DKK

2023-10-18 * "Democratic Coffee" "Bar, cafe & restaurant" #spiir
  spiir-id: "638333009094955189"
  Assets:Checking:Primary  -81.00 DKK
  Expenses:Food:Restaurant  81.00 DKK

2023-10-18 * "Democratic Coffee" "Bar, cafe & restaurant" #spiir
  spiir-id: "638333009094955190"
  Assets:Checking:Primary  -90.00 DKK
  Expenses:Food:Restaurant  90.00 DKK

2023-10-18 * "Netto Valby Maskin" "Dagligvarer" #spiir
  spiir-id: "638333010236253307"
  Assets:Checking:Dagligvarer  -108.90 DKK
  Expenses:Food:Groceries  108.90 DKK

2023-10-19 * "A&A Transport Vej 10 Street" "Bar, cafe & restaurant" #spiir
  spiir-id: "638333009094955188"
  Assets:Checking:Primary  -34.00 DKK
  Expenses:Food:Restaurant  34.00 DKK

2023-10-19 * "Spotify" "Film, musik & læsestof" #spiir
  spiir-id: "638333010236253305"
  Assets:Checking:Dagligvarer  -149.00 DKK
  Expenses:Entertainment:Media  149.00 DKK

2023-10-19 * "Miomio.dk ApS" "Møbler & boligudstyr" #spiir
  spiir-id: "638333010236253306"
  Assets:Checking:Dagligvarer  -799.40 DKK
  Expenses:Shopping:Furniture  799.40 DKK

2023-10-19 * "MobilePay Charlotte Thye Jensen" "" #spiir
  spiir-id: "638333878553762302"
  Assets:Checking:Dagligvarer  -100.00 DKK
  Expenses:Uncategorized  100.00 DKK

2023-10-19 * "COOP Kvickly Spind" "Dagligvarer" #spiir
  spiir-id: "638333878553762303"
  Assets:Checking:Dagligvarer  -378.55 DKK
  Expenses:Food:Groceries  378.55 DKK

2023-10-20 * "Udl. kortbetaling, 1.50% af DKK -19" "Ferieaktiviteter" #spiir
  spiir-id: "638333876792843926"
  Assets:Checking:Primary  -29.68 DKK
  Expenses:Travel:Activities  29.68 DKK

2023-10-20 * "Copilot Httpsmycopilo" "" #spiir
  spiir-id: "638333876792843927"
  Assets:Checking:Primary  -1978.50 DKK
  Expenses:Uncategorized  1978.50 DKK

2023-10-20 * "Børnepenge - PRM" "Kontooverførsel" #spiir
  spiir-id: "638333876792843928"
  Assets:Checking:Primary  -2327.00 DKK
  Assets:Transfer  2327.00 DKK

2023-10-20 * "Børne- og Ungeydelse" "Børnepenge" #spiir
  spiir-id: "638333876792843929"
  Assets:Checking:Primary  4746.00 DKK
  Income:ChildBenefit  -4746.00 DKK

2023-10-20 * "Børnepenge - LAH" "Kontooverførsel" #spiir
  spiir-id: "638333877542217230"
  Assets:Checking:Fixed  2327.00 DKK
  Assets:Transfer  -2327.00 DKK

2023-10-20 * "Børnepenge - PRM" "Børnepenge" #spiir
  spiir-id: "638333877542217231"
  Assets:Checking:Fixed  2327.00 DKK
  Income:ChildBenefit  -2327.00 DKK

2023-10-20 * "Apple.Com/Bill" "Online services & software" #spiir
  spiir-id: "638333878553762300"
  Assets:Checking:Dagligvarer  -89.00 DKK
  Expenses:Subscriptions:Software  89.00 DKK

2023-10-20 * "Tandlægen.DK - Fal" "Behandling & læger" #spiir
  spiir-id: "638333878553762301"
  Assets:Checking:Dagligvarer  -625.04 DKK
  Expenses:Health:Doctor  625.04 DKK

2023-10-23 * "MobilePay Tina Jensen" "" #spiir
  spiir-id: "638336454481390168"
  Assets:Checking:Primary  -2000.00 DKK
  Expenses:Uncategorized  2000.00 DKK

2023-10-23 * "Lidl" "Dagligvarer" #spiir
  spiir-id: "638336455597801564"
  Assets:Checking:Dagligvarer  -81.60 DKK
  Expenses:Food:Groceries  81.60 DKK

2023-10-23 * "Kvickly Hvidovre" "Dagligvarer" #spiir
  spiir-id: "638336455597801565"
  Assets:Checking:Dagligvarer  -164.35 DKK
  Expenses:Food:Groceries  164.35 DKK

2023-10-23 * "tipster.dk 8-2-6" "" #spiir
  spiir-id: "638337318474147221"
  Assets:Checking:Primary  -550.00 DKK
  Expenses:Uncategorized  550.00 DKK

2023-10-23 * "Kvickly Hvidovre" "Dagligvarer" #spiir
  spiir-id: "638337320216234909"
  Assets:Checking:Dagligvarer  -12.00 DKK
  Expenses:Food:Groceries  12.00 DKK

2023-10-24 * "Itunes.Com" "Online services & software" #spiir
  spiir-id: "638337320216234907"
  Assets:Checking:Dagligvarer  -339.00 DKK
  Expenses:Subscriptions:Software  339.00 DKK

2023-10-24 * "Roast Coffee A Kobenhavn" "Bar, cafe & restaurant" #spiir
  spiir-id: "638337320216234908"
  Assets:Checking:Dagligvarer  -108.00 DKK
  Expenses:Food:Restaurant  108.00 DKK

2023-10-24 * "DSB Toilet" "Bus, tog, færge o.l." #spiir
  spiir-id: "638338218899908042"
  Assets:Checking:Primary  -5.00 DKK
  Expenses:Transport:Public  5.00 DKK

2023-10-25 * "McDonalds Hovedbanegaarde Koebenh" "Fastfood & takeaway" #spiir
  spiir-id: "638338218899752492"
  Assets:Checking:Primary  -21.00 DKK
  Expenses:Food:Takeaway  21.00 DKK

2023-10-25 * "MobilePay Lee Ann Hollesen" "Hobby & sportsudstyr" #spiir
  spiir-id: "638339063144965795"
  Assets:Checking:Primary  -300.00 DKK
  Expenses:Shopping:Sports  300.00 DKK

2023-10-25 * "Netto Gl. Køge Lan" "Dagligvarer" #spiir
  spiir-id: "638339064114651820"
  Assets:Checking:Dagligvarer  -245.20 DKK
  Expenses:Food:Groceries  245.20 DKK

2023-10-26 * "DSB Toilet" "Bus, tog, færge o.l." #spiir
  spiir-id: "638339917179143981"
  Assets:Checking:Primary  -5.00 DKK
  Expenses:Transport:Public  5.00 DKK

2023-10-26 * "DSB 7-Eleven Kbh H" "Kiosk, bager & specialbutikker" #spiir
  spiir-id: "638339917179143982"
  Assets:Checking:Primary  -34.00 DKK
  Expenses:Food:Kiosk  34.00 DKK

2023-10-26 * "Coop365Hørve" "Dagligvarer" #spiir
  spiir-id: "638339918835577128"
  Assets:Checking:Dagligvarer  -146.61 DKK
  Expenses:Food:Groceries  146.61 DKK

2023-10-26 * "Netto Friheden" "Dagligvarer" #spiir
  spiir-id: "638339918835577129"
  Assets:Checking:Dagligvarer  -114.95 DKK
  Expenses:Food:Groceries  114.95 DKK

2023-10-27 * "Ingeniørforeningen" "Fagforening & a-kasse" #spiir
  spiir-id: "638339917179143980"
  Assets:Checking:Primary  -50.00 DKK
  Expenses:Insurance:Union  50.00 DKK

2023-10-27 * "bandageshoppen.dk" "" #spiir
  spiir-id: "638340804513960748"
  Assets:Checking:Primary  -418.00 DKK
  Expenses:Uncategorized  418.00 DKK

2023-10-27 * "Kvickly Hvidovre" "Dagligvarer" #spiir
  spiir-id: "638340805593815314"
  Assets:Checking:Dagligvarer  -20.00 DKK
  Expenses:Food:Groceries  20.00 DKK

2023-10-27 * "Hvidovre apotek" "Apotek & medicin" #spiir
  spiir-id: "638340805594005790"
  Assets:Checking:Dagligvarer  -49.00 DKK
  Expenses:Health:Pharmacy  49.00 DKK

2023-10-27 * "Kvickly Hvidovre" "Dagligvarer" #spiir
  spiir-id: "638340805594005791"
  Assets:Checking:Dagligvarer  -296.75 DKK
  Expenses:Food:Groceries  296.75 DKK

2023-10-27 * "Reshopper ApS" "Tøj, sko & accessories" #spiir
  spiir-id: "638340805594005792"
  Assets:Checking:Dagligvarer  -186.00 DKK
  Expenses:Shopping:Clothing  186.00 DKK

2023-10-30 * "Netto Hvidovrevej" "Dagligvarer" #spiir
  spiir-id: "638343398430830753"
  Assets:Checking:Dagligvarer  -191.40 DKK
  Expenses:Food:Groceries  191.40 DKK

2023-10-30 * "Netto Gl. Køge Lan" "Dagligvarer" #spiir
  spiir-id: "638343398430830754"
  Assets:Checking:Dagligvarer  -229.40 DKK
  Expenses:Food:Groceries  229.40 DKK

2023-10-31 * "MobilePay Klinik Velvære v/Kittie R" "" #spiir
  spiir-id: "638343396196293866"
  Assets:Checking:Primary  -1600.00 DKK
  Expenses:Uncategorized  1600.00 DKK

2023-10-31 * "AMZN Mktp DE" "Andet privatforbrug" #spiir
  spiir-id: "638343396196404880"
  Assets:Checking:Primary  -760.45 DKK
  Expenses:Shopping:Other  760.45 DKK

2023-10-31 * "Huslån - PRM" "Kontooverførsel" #spiir
  spiir-id: "638343396196404882"
  Assets:Checking:Primary  -8947.08 DKK
  Assets:Transfer  8947.08 DKK

2023-10-31 * "Nedbetaling huslån - PRM" "Kontooverførsel" #spiir
  spiir-id: "638343396196404883"
  Assets:Checking:Primary  -8947.08 DKK
  Assets:Transfer  8947.08 DKK

2023-10-31 * "Huslån - LAH" "Kontooverførsel" #spiir
  spiir-id: "638343397680055606"
  Assets:Checking:Fixed  8947.08 DKK
  Assets:Transfer  -8947.08 DKK

2023-10-31 * "Huslån - PRM" "Kontooverførsel" #spiir
  spiir-id: "638343397680055607"
  Assets:Checking:Fixed  8947.08 DKK
  Assets:Transfer  -8947.08 DKK

2023-10-31 * "Realkredit Danmark" "Boliglån/husleje" #spiir
  spiir-id: "638343397680055608"
  Assets:Checking:Fixed  -17884.88 DKK
  Expenses:House:Mortgage  17884.88 DKK

2023-10-31 * "Cirkusmuseet Hvidovre" "" #spiir
  spiir-id: "638343398430830750"
  Assets:Checking:Dagligvarer  -10.00 DKK
  Expenses:Uncategorized  10.00 DKK

2023-10-31 * "Freetrailer +4588537700" "Andet privatforbrug" #spiir
  spiir-id: "638343398430830751"
  Assets:Checking:Dagligvarer  -84.00 DKK
  Expenses:Shopping:Other  84.00 DKK

2023-10-31 * "Hvidovre Apotek Hvidovre" "Apotek & medicin" #spiir
  spiir-id: "638343398430830752"
  Assets:Checking:Dagligvarer  -119.60 DKK
  Expenses:Health:Pharmacy  119.60 DKK

2023-10-31 * "Airbnb Ribe" "Fly & Hotel" #spiir
  spiir-id: "638344275882697692"
  Assets:Checking:Dagligvarer  -676.47 DKK
  Expenses:Travel:Transport  676.47 DKK

2023-11-01 * "Lønoverførsel" "Løn" #spiir
  spiir-id: "638343396196404881"
  Assets:Checking:Primary  15389.33 DKK
  Income:Salary  -15389.33 DKK

2023-11-01 * "3 Danmark Koebenhavn SV" "Telefoni & internet" #spiir
  spiir-id: "638344274303348369"
  Assets:Checking:Primary  -160.00 DKK
  Expenses:Subscriptions:Telecom  160.00 DKK

2023-11-01 * "Tandforsikring - PRM" "Kontooverførsel" #spiir
  spiir-id: "638344274303348370"
  Assets:Checking:Primary  -60.00 DKK
  Assets:Transfer  60.00 DKK

2023-11-01 * "Spotify" "Kontooverførsel" #spiir
  spiir-id: "638344274303348371"
  Assets:Checking:Primary  -97.00 DKK
  Assets:Transfer  97.00 DKK

2023-11-01 * "Bilforsikr, afgift - PRM" "Kontooverførsel" #spiir
  spiir-id: "638344274303348372"
  Assets:Checking:Primary  -250.00 DKK
  Assets:Transfer  250.00 DKK

2023-11-01 * "Hus, indboforsikr - PRM" "Kontooverførsel" #spiir
  spiir-id: "638344274303348373"
  Assets:Checking:Primary  -347.00 DKK
  Assets:Transfer  347.00 DKK

2023-11-01 * "Ulykkesforsikring" "Kontooverførsel" #spiir
  spiir-id: "638344274303348374"
  Assets:Checking:Primary  -539.50 DKK
  Assets:Transfer  539.50 DKK

2023-11-01 * "El, vand og varme - PRM" "Kontooverførsel" #spiir
  spiir-id: "638344274303348375"
  Assets:Checking:Primary  -1084.00 DKK
  Assets:Transfer  1084.00 DKK

2023-11-01 * "Ejendommensskat - PRM" "Kontooverførsel" #spiir
  spiir-id: "638344274303348376"
  Assets:Checking:Primary  -1224.50 DKK
  Assets:Transfer  1224.50 DKK

2023-11-01 * "Vuggestue - PRM" "Kontooverførsel" #spiir
  spiir-id: "638344274303348377"
  Assets:Checking:Primary  -2010.50 DKK
  Assets:Transfer  2010.50 DKK

2023-11-01 * "Dagligvarer - PRM" "Kontooverførsel" #spiir
  spiir-id: "638344274303348378"
  Assets:Checking:Primary  -3500.00 DKK
  Assets:Transfer  3500.00 DKK

2023-11-01 * "Nordnet Aktiedepot" "Værdipapirshandel" #spiir
  spiir-id: "638344274303348379"
  Assets:Checking:Primary  -5000.00 DKK
  Assets:Savings:Investments  5000.00 DKK

2023-11-01 * "iCloud Fastefæll.udgifte" "Kontooverførsel" #spiir
  spiir-id: "638344274303348380"
  Assets:Checking:Primary  69.00 DKK
  Assets:Transfer  -69.00 DKK

2023-11-01 * "Tryg" "Indbo- & familieforsikring" #spiir
  spiir-id: "638344274973776527"
  Assets:Checking:Fixed  -989.62 DKK
  Expenses:House:Contents-Insurance  989.62 DKK

2023-11-01 * "Tryg" "Indbo- & familieforsikring" #spiir
  spiir-id: "638344274973941474"
  Assets:Checking:Fixed  -551.40 DKK
  Expenses:House:Contents-Insurance  551.40 DKK

2023-11-01 * "Tryg" "Indbo- & familieforsikring" #spiir
  spiir-id: "638344274973941475"
  Assets:Checking:Fixed  -378.52 DKK
  Expenses:House:Contents-Insurance  378.52 DKK

2023-11-01 * "Tandforsikring - LAH" "Kontooverførsel" #spiir
  spiir-id: "638344274973941476"
  Assets:Checking:Fixed  60.00 DKK
  Assets:Transfer  -60.00 DKK

2023-11-01 * "Spotify" "Kontooverførsel" #spiir
  spiir-id: "638344274973941477"
  Assets:Checking:Fixed  97.00 DKK
  Assets:Transfer  -97.00 DKK

2023-11-01 * "Bilforsikr, afgift - LAH" "Kontooverførsel" #spiir
  spiir-id: "638344274973941478"
  Assets:Checking:Fixed  250.00 DKK
  Assets:Transfer  -250.00 DKK

2023-11-01 * "Hus, indboforsikr - LAH" "Kontooverførsel" #spiir
  spiir-id: "638344274973941479"
  Assets:Checking:Fixed  347.00 DKK
  Assets:Transfer  -347.00 DKK

2023-11-01 * "El, vand og varme - LAH" "Kontooverførsel" #spiir
  spiir-id: "638344274973941480"
  Assets:Checking:Fixed  1084.00 DKK
  Assets:Transfer  -1084.00 DKK

2023-11-01 * "Ejendomsskat - LAH" "Kontooverførsel" #spiir
  spiir-id: "638344274973941481"
  Assets:Checking:Fixed  1224.50 DKK
  Assets:Transfer  -1224.50 DKK

2023-11-01 * "Vuggestue - LAH" "Kontooverførsel" #spiir
  spiir-id: "638344274974143019"
  Assets:Checking:Fixed  2010.50 DKK
  Assets:Transfer  -2010.50 DKK

2023-11-01 * "Tandforsikring - PRM" "Sundheds- & sygeforsikring" #spiir
  spiir-id: "638344274974143020"
  Assets:Checking:Fixed  60.00 DKK
  Expenses:Insurance:Health  -60.00 DKK

2023-11-01 * "Spotify" "Film, musik & læsestof" #spiir
  spiir-id: "638344274974143021"
  Assets:Checking:Fixed  97.00 DKK
  Expenses:Entertainment:Media  -97.00 DKK

2023-11-01 * "Bilforsikr, afgift - PRM" "Bilforsikring & autohjælp" #spiir
  spiir-id: "638344274974143022"
  Assets:Checking:Fixed  250.00 DKK
  Expenses:Car:Insurance  -250.00 DKK

2023-11-01 * "Hus, indboforsikr - PRM" "Husforsikring" #spiir
  spiir-id: "638344274974143023"
  Assets:Checking:Fixed  347.00 DKK
  Expenses:House:Insurance  -347.00 DKK

2023-11-01 * "Ulykkesforsikring - PRM" "Kontooverførsel" #spiir
  spiir-id: "638344274974143024"
  Assets:Checking:Fixed  539.50 DKK
  Assets:Transfer  -539.50 DKK

2023-11-01 * "El, vand og varme - PRM" "El, vand, varme & renovation" #spiir
  spiir-id: "638344274974143025"
  Assets:Checking:Fixed  1084.00 DKK
  Expenses:House:Heating  -1084.00 DKK

2023-11-01 * "Ejendommensskat - PRM" "Ejendomsskat" #spiir
  spiir-id: "638344274974143026"
  Assets:Checking:Fixed  1224.50 DKK
  Expenses:House:Tax  -1224.50 DKK

2023-11-01 * "Vuggestue - PRM" "Institution" #spiir
  spiir-id: "638344274974143027"
  Assets:Checking:Fixed  2010.50 DKK
  Expenses:Kids:Institution  -2010.50 DKK

2023-11-01 * "iCloud" "Kontooverførsel" #spiir
  spiir-id: "638344274974143028"
  Assets:Checking:Fixed  -69.00 DKK
  Assets:Transfer  69.00 DKK

2023-11-01 * "Fællesudgifter" "Kontooverførsel" #spiir
  spiir-id: "638344275882697690"
  Assets:Checking:Dagligvarer  3500.00 DKK
  Assets:Transfer  -3500.00 DKK

2023-11-01 * "Dagligvarer - PRM" "Dagligvarer" #spiir
  spiir-id: "638344275882697691"
  Assets:Checking:Dagligvarer  3500.00 DKK
  Expenses:Food:Groceries  -3500.00 DKK

2023-11-01 * "Brød" "Kiosk, bager & specialbutikker" #spiir
  spiir-id: "638345150175136103"
  Assets:Checking:Primary  -72.00 DKK
  Expenses:Food:Kiosk  72.00 DKK

2023-11-01 * "hiper.dk" "Telefoni & internet" #spiir
  spiir-id: "638345150175136104"
  Assets:Checking:Primary  -319.00 DKK
  Expenses:Subscriptions:Telecom  319.00 DKK

2023-11-01 * "Netto Gl. Køge Lan" "Dagligvarer" #spiir
  spiir-id: "638345150175136105"
  Assets:Checking:Primary  -114.15 DKK
  Expenses:Food:Groceries  114.15 DKK

2023-11-01 * "billetto.dk 0r878" "" #spiir
  spiir-id: "638345151843002027"
  Assets:Checking:Dagligvarer  -208.00 DKK
  Expenses:Uncategorized  208.00 DKK

2023-11-01 * "tipster.dk 0-2-8" "" #spiir
  spiir-id: "638345151843002028"
  Assets:Checking:Dagligvarer  -220.00 DKK
  Expenses:Uncategorized  220.00 DKK

2023-11-01 * "Basic & More Købma" "Møbler & boligudstyr" #spiir
  spiir-id: "638345151843002029"
  Assets:Checking:Dagligvarer  -36.00 DKK
  Expenses:Shopping:Furniture  36.00 DKK

2023-11-01 * "The Burger Concept" "Fastfood & takeaway" #spiir
  spiir-id: "638345151843002030"
  Assets:Checking:Dagligvarer  -57.90 DKK
  Expenses:Food:Takeaway  57.90 DKK

2023-11-02 * "Cub Coffee Bar Kobenhavn" "Bar, cafe & restaurant" #spiir
  spiir-id: "638345150175136100"
  Assets:Checking:Primary  -39.00 DKK
  Expenses:Food:Restaurant  39.00 DKK

2023-11-02 * "Cub Coffee Bar Kobenhavn" "Bar, cafe & restaurant" #spiir
  spiir-id: "638345150175136101"
  Assets:Checking:Primary  -84.00 DKK
  Expenses:Food:Restaurant  84.00 DKK

2023-11-02 * "Ramen VBRO" "Bar, cafe & restaurant" #spiir
  spiir-id: "638345150175136102"
  Assets:Checking:Primary  -209.00 DKK
  Expenses:Food:Restaurant  209.00 DKK

2023-11-02 * "Ramen VBRO" "Bar, cafe & restaurant" #spiir
  spiir-id: "638345151843002026"
  Assets:Checking:Dagligvarer  -30.00 DKK
  Expenses:Food:Restaurant  30.00 DKK

2023-11-03 * "Prolog Coffee Copenhagen" "Bar, cafe & restaurant" #spiir
  spiir-id: "638345977155135389"
  Assets:Checking:Dagligvarer  -47.00 DKK
  Expenses:Food:Restaurant  47.00 DKK

2023-11-03 * "UME ASIAN SUPERMARKET Kobenhavn" "Dagligvarer" #spiir
  spiir-id: "638345977155135390"
  Assets:Checking:Dagligvarer  -42.85 DKK
  Expenses:Food:Groceries  42.85 DKK

2023-11-03 * "Ølbaren" "Bar, cafe & restaurant" #spiir
  spiir-id: "638346826080758452"
  Assets:Checking:Primary  -68.00 DKK
  Expenses:Food:Restaurant  68.00 DKK

2023-11-03 * "Ølbaren" "Bar, cafe & restaurant" #spiir
  spiir-id: "638346826080758453"
  Assets:Checking:Primary  -49.00 DKK
  Expenses:Food:Restaurant  49.00 DKK

2023-11-03 * "Netto Hvidovrevej" "Dagligvarer" #spiir
  spiir-id: "638346827278137029"
  Assets:Checking:Dagligvarer  -142.75 DKK
  Expenses:Food:Groceries  142.75 DKK

2023-11-04 * "MobilePay Pernille Livbjerg" "Gaver & velgørenhed" #spiir
  spiir-id: "638347654071641206"
  Assets:Checking:Primary  -392.00 DKK
  Expenses:Gifts  392.00 DKK

2023-11-06 * "Temper Chokolade" "" #spiir
  spiir-id: "638348529562996738"
  Assets:Checking:Primary  -169.00 DKK
  Expenses:Uncategorized  169.00 DKK

2023-11-06 * "Bootleggers" "Bar, cafe & restaurant" #spiir
  spiir-id: "638348529562996739"
  Assets:Checking:Primary  -75.00 DKK
  Expenses:Food:Restaurant  75.00 DKK

2023-11-06 * "Bootleggers" "Bar, cafe & restaurant" #spiir
  spiir-id: "638348529562996740"
  Assets:Checking:Primary  -80.00 DKK
  Expenses:Food:Restaurant  80.00 DKK

2023-11-06 * "Bootleggers" "Bar, cafe & restaurant" #spiir
  spiir-id: "638348529562996741"
  Assets:Checking:Primary  -80.00 DKK
  Expenses:Food:Restaurant  80.00 DKK

2023-11-06 * "La Neta NBRO" "Bar, cafe & restaurant" #spiir
  spiir-id: "638348529562996742"
  Assets:Checking:Primary  -154.00 DKK
  Expenses:Food:Restaurant  154.00 DKK

2023-11-06 * "Ida Ingeniørfore. i Danm" "Fagforening & a-kasse" #spiir
  spiir-id: "638348529562996743"
  Assets:Checking:Primary  -878.25 DKK
  Expenses:Insurance:Union  878.25 DKK

2023-11-06 * "Evida Service Nord A/S" "El, vand, varme & renovation" #spiir
  spiir-id: "638348530226886915"
  Assets:Checking:Fixed  -1421.56 DKK
  Expenses:House:Heating  1421.56 DKK

2023-11-06 * "Ida Tandforsikring" "Sundheds- & sygeforsikring" #spiir
  spiir-id: "638348530226886916"
  Assets:Checking:Fixed  -1450.00 DKK
  Expenses:Insurance:Health  1450.00 DKK

2023-11-06 * "Ida Tandforsikring" "Sundheds- & sygeforsikring" #spiir
  spiir-id: "638348530226886917"
  Assets:Checking:Fixed  -1450.00 DKK
  Expenses:Insurance:Health  1450.00 DKK

2023-11-06 * "Hvidovre kommune" "Institution" #spiir
  spiir-id: "638348530226886918"
  Assets:Checking:Fixed  -6031.50 DKK
  Expenses:Kids:Institution  6031.50 DKK

2023-11-06 * "Circle K Trafikcen" "Kiosk, bager & specialbutikker" #spiir
  spiir-id: "638348531549073929"
  Assets:Checking:Dagligvarer  -532.88 DKK
  Expenses:Food:Kiosk  532.88 DKK

2023-11-06 * "Pompei Ribe ApS" "Kiosk, bager & specialbutikker" #spiir
  spiir-id: "638348531549073930"
  Assets:Checking:Dagligvarer  -95.00 DKK
  Expenses:Food:Kiosk  95.00 DKK

2023-11-06 * "Den Lille Landsold" "Tøj, sko & accessories" #spiir
  spiir-id: "638348531549073931"
  Assets:Checking:Dagligvarer  -241.20 DKK
  Expenses:Shopping:Clothing  241.20 DKK

2023-11-06 * "Kvickly Ribe" "Dagligvarer" #spiir
  spiir-id: "638348531549073932"
  Assets:Checking:Dagligvarer  -223.75 DKK
  Expenses:Food:Groceries  223.75 DKK

2023-11-06 * "Kvickly Ribe" "Dagligvarer" #spiir
  spiir-id: "638348531549073933"
  Assets:Checking:Dagligvarer  -18.00 DKK
  Expenses:Food:Groceries  18.00 DKK

2023-11-06 * "Kvickly Ribe" "Dagligvarer" #spiir
  spiir-id: "638348531549073934"
  Assets:Checking:Dagligvarer  10.00 DKK
  Expenses:Food:Groceries  -10.00 DKK

2023-11-06 * "SuperBrugsen Strib" "Dagligvarer" #spiir
  spiir-id: "638348531549073935"
  Assets:Checking:Dagligvarer  -142.75 DKK
  Expenses:Food:Groceries  142.75 DKK

2023-11-06 * "R-Bakery Hvidovre" "Kiosk, bager & specialbutikker" #spiir
  spiir-id: "638348531549073936"
  Assets:Checking:Dagligvarer  -175.00 DKK
  Expenses:Food:Kiosk  175.00 DKK

2023-11-06 * "NN Ratepensionen" "" #spiir
  spiir-id: "638349401185467728"
  Assets:Checking:Primary  -60900.00 DKK
  Expenses:Uncategorized  60900.00 DKK

2023-11-06 * "MobilePay Ole Nielsen" "Serviceydelser & rådgivning" #spiir
  spiir-id: "638349402518604483"
  Assets:Checking:Dagligvarer  -50.00 DKK
  Expenses:Services  50.00 DKK

2023-11-07 * "Trykbar Kbh ApS Kobenhavn k" "Bar, cafe & restaurant" #spiir
  spiir-id: "638349401185467727"
  Assets:Checking:Primary  -69.00 DKK
  Expenses:Food:Restaurant  69.00 DKK

2023-11-07 * "Toilet Stop39 Slagelse" "Andet privatforbrug" #spiir
  spiir-id: "638349402518604482"
  Assets:Checking:Dagligvarer  -6.75 DKK
  Expenses:Shopping:Other  6.75 DKK

2023-11-07 * "Payment 3825-0161661208" "" #spiir
  spiir-id: "638350331579382733"
  Assets:Checking:Primary  1989.27 DKK
  Expenses:Uncategorized  -1989.27 DKK

2023-11-07 * "Carls Jr. Nyborg" "Fastfood & takeaway" #spiir
  spiir-id: "638350333382393297"
  Assets:Checking:Dagligvarer  -223.00 DKK
  Expenses:Food:Takeaway  223.00 DKK

2023-11-08 * "Rejsekort - DSB" "Bus, tog, færge o.l." #spiir
  spiir-id: "638350331579126379"
  Assets:Checking:Primary  -300.00 DKK
  Expenses:Transport:Public  300.00 DKK

2023-11-08 * "Skattestyrelsen Motor Op" "Ejerafgift/grøn afgift" #spiir
  spiir-id: "638350332680188069"
  Assets:Checking:Fixed  -1390.00 DKK
  Expenses:Car:Tax  1390.00 DKK

2023-11-08 * "Hofor A/S" "El, vand, varme & renovation" #spiir
  spiir-id: "638350332680365990"
  Assets:Checking:Fixed  -1795.52 DKK
  Expenses:House:Heating  1795.52 DKK

2023-11-08 * "Brobizz.Com Kopenhavn V" "Bus, tog, færge o.l." #spiir
  spiir-id: "638350333382393295"
  Assets:Checking:Dagligvarer  -192.00 DKK
  Expenses:Transport:Public  192.00 DKK

2023-11-08 * "Brobizz.Com Kopenhavn V" "Bus, tog, færge o.l." #spiir
  spiir-id: "638350333382393296"
  Assets:Checking:Dagligvarer  -144.00 DKK
  Expenses:Transport:Public  144.00 DKK

2023-11-09 * "MobilePay OK A.m.b.a" "Brændstof" #spiir
  spiir-id: "638366047318807058"
  Assets:Checking:Dagligvarer  -8.97 DKK
  Expenses:Car:Gas  8.97 DKK

2023-11-09 * "Lidl" "Dagligvarer" #spiir
  spiir-id: "638366047318807059"
  Assets:Checking:Dagligvarer  -384.38 DKK
  Expenses:Food:Groceries  384.38 DKK

2023-11-10 * "Qure Fysioterapi Koebenhavn V" "Behandling & læger" #spiir
  spiir-id: "638366047125320433"
  Assets:Checking:Primary  -550.00 DKK
  Expenses:Health:Doctor  550.00 DKK

2023-11-11 * "Til Dagligvarer" "Kontooverførsel" #spiir
  spiir-id: "638366047125320432"
  Assets:Checking:Primary  -1500.00 DKK
  Assets:Transfer  1500.00 DKK

2023-11-11 * "AutoMester Hvidovre" "Værksted & reservedele" #spiir
  spiir-id: "638366047318807055"
  Assets:Checking:Dagligvarer  -3352.35 DKK
  Expenses:Car:Service  3352.35 DKK

2023-11-11 * "Bil" "Kontooverførsel" #spiir
  spiir-id: "638366047318807056"
  Assets:Checking:Dagligvarer  1500.00 DKK
  Assets:Transfer  -1500.00 DKK

2023-11-11 * "Til Dagligvarer" "Dagligvarer" #spiir
  spiir-id: "638366047318807057"
  Assets:Checking:Dagligvarer  1500.00 DKK
  Expenses:Food:Groceries  -1500.00 DKK

2023-11-12 * "MobilePay Sportsfoto v/Timm Thomas" "" #spiir
  spiir-id: "638366047318807054"
  Assets:Checking:Dagligvarer  -448.00 DKK
  Expenses:Uncategorized  448.00 DKK

2023-11-13 * "Kft Jylland-KBH" "Dagligvarer" #spiir
  spiir-id: "638366047318807046"
  Assets:Checking:Dagligvarer  -64.95 DKK
  Expenses:Food:Groceries  64.95 DKK

2023-11-13 * "Børneloppen Valby" "Babyudstyr" #spiir
  spiir-id: "638366047318807047"
  Assets:Checking:Dagligvarer  -5.00 DKK
  Expenses:Kids:Baby  5.00 DKK

2023-11-13 * "Netto Gl. Køge Lan" "Dagligvarer" #spiir
  spiir-id: "638366047318807048"
  Assets:Checking:Dagligvarer  -10.00 DKK
  Expenses:Food:Groceries  10.00 DKK

2023-11-13 * "Netto Gl. Køge Lan" "Dagligvarer" #spiir
  spiir-id: "638366047318807049"
  Assets:Checking:Dagligvarer  -187.25 DKK
  Expenses:Food:Groceries  187.25 DKK

2023-11-13 * "Netto Hvidovrevej" "Dagligvarer" #spiir
  spiir-id: "638366047318807050"
  Assets:Checking:Dagligvarer  -156.60 DKK
  Expenses:Food:Groceries  156.60 DKK

2023-11-13 * "Bauhaus Valby" "Ombygning & vedligehold" #spiir
  spiir-id: "638366047318807051"
  Assets:Checking:Dagligvarer  -34.90 DKK
  Expenses:House:Renovation  34.90 DKK

2023-11-13 * "Bauhaus Valby" "Ombygning & vedligehold" #spiir
  spiir-id: "638366047318807052"
  Assets:Checking:Dagligvarer  162.90 DKK
  Expenses:House:Renovation  -162.90 DKK

2023-11-13 * "Shell Express-9316 Hvidovre" "Brændstof" #spiir
  spiir-id: "638366047318807053"
  Assets:Checking:Dagligvarer  -459.30 DKK
  Expenses:Car:Gas  459.30 DKK

2023-11-14 * "Udl. kortbetaling, 1.50% af DKK -10" "Bankgebyrer" #spiir
  spiir-id: "638366047125320430"
  Assets:Checking:Primary  -1.57 DKK
  Expenses:Bank:Fees  1.57 DKK

2023-11-14 * "Audible*GZ40A3TR3 Amzn.com/bill" "" #spiir
  spiir-id: "638366047125320431"
  Assets:Checking:Primary  -104.64 DKK
  Expenses:Uncategorized  104.64 DKK

2023-11-14 * "Google Nest g.co/helppayÆ" "Alarmsystem" #spiir
  spiir-id: "638366047318807041"
  Assets:Checking:Dagligvarer  -40.00 DKK
  Expenses:House:Alarm  40.00 DKK

2023-11-14 * "Børneloppen Valby" "Babyudstyr" #spiir
  spiir-id: "638366047318807042"
  Assets:Checking:Dagligvarer  -100.00 DKK
  Expenses:Kids:Baby  100.00 DKK

2023-11-14 * "Børneloppen Valby" "Babyudstyr" #spiir
  spiir-id: "638366047318807043"
  Assets:Checking:Dagligvarer  -165.00 DKK
  Expenses:Kids:Baby  165.00 DKK

2023-11-14 * "Netto Gl. Køge Lan" "Dagligvarer" #spiir
  spiir-id: "638366047318807044"
  Assets:Checking:Dagligvarer  -76.90 DKK
  Expenses:Food:Groceries  76.90 DKK

2023-11-14 * "Lidl" "Dagligvarer" #spiir
  spiir-id: "638366047318807045"
  Assets:Checking:Dagligvarer  -69.75 DKK
  Expenses:Food:Groceries  69.75 DKK

2023-11-15 * "UME ASIAN SUPERMARKET Kobenhavn" "Dagligvarer" #spiir
  spiir-id: "638366047318807040"
  Assets:Checking:Dagligvarer  -158.70 DKK
  Expenses:Food:Groceries  158.70 DKK

2023-11-16 * "Seitenbacher" "" #spiir
  spiir-id: "638366047318807038"
  Assets:Checking:Dagligvarer  -297.76 DKK
  Expenses:Uncategorized  297.76 DKK

2023-11-16 * "MobilePay EASY PARK A/S" "Parkering" #spiir
  spiir-id: "638366047318807039"
  Assets:Checking:Dagligvarer  -28.75 DKK
  Expenses:Car:Parking  28.75 DKK

2023-11-17 * "Qure Fysioterapi Koebenhavn V" "Behandling & læger" #spiir
  spiir-id: "638366047125320429"
  Assets:Checking:Primary  -370.00 DKK
  Expenses:Health:Doctor  370.00 DKK

2023-11-17 * "Kreatime København" "Spil & legetøj" #spiir
  spiir-id: "638366047318807033"
  Assets:Checking:Dagligvarer  -4.00 DKK
  Expenses:Kids:Toys  4.00 DKK

2023-11-17 * "BrugsenVesterbro" "Dagligvarer" #spiir
  spiir-id: "638366047318807034"
  Assets:Checking:Dagligvarer  -35.90 DKK
  Expenses:Food:Groceries  35.90 DKK

2023-11-17 * "MobilePay Københavnkalenderen 250 k" "" #spiir
  spiir-id: "638366047318807035"
  Assets:Checking:Dagligvarer  -500.00 DKK
  Expenses:Uncategorized  500.00 DKK

2023-11-17 * "Kft Jylland-Kbh Koebenhavn V" "Dagligvarer" #spiir
  spiir-id: "638366047318807036"
  Assets:Checking:Dagligvarer  -134.86 DKK
  Expenses:Food:Groceries  134.86 DKK

2023-11-17 * "UME ASIAN SUPERMARKET Kobenhavn" "Dagligvarer" #spiir
  spiir-id: "638366047318807037"
  Assets:Checking:Dagligvarer  -80.65 DKK
  Expenses:Food:Groceries  80.65 DKK

2023-11-19 * "MobilePay EASY PARK A/S" "Parkering" #spiir
  spiir-id: "638366047318807032"
  Assets:Checking:Dagligvarer  -79.37 DKK
  Expenses:Car:Parking  79.37 DKK

2023-11-20 * "Vesterbro Cykler" "Anden transport" #spiir
  spiir-id: "638366047125320426"
  Assets:Checking:Primary  -450.00 DKK
  Expenses:Transport:Other  450.00 DKK

2023-11-20 * "Dunkin Donuts HGB" "Kiosk, bager & specialbutikker" #spiir
  spiir-id: "638366047125320427"
  Assets:Checking:Primary  -26.00 DKK
  Expenses:Food:Kiosk  26.00 DKK

2023-11-20 * "Playstationnetwork Hilversum" "Spil & legetøj" #spiir
  spiir-id: "638366047125320428"
  Assets:Checking:Primary  -609.00 DKK
  Expenses:Kids:Toys  609.00 DKK

2023-11-20 * "Eat Your Heart Out ApS Copenhagen" "Bar, cafe & restaurant" #spiir
  spiir-id: "638366047318807024"
  Assets:Checking:Dagligvarer  -55.00 DKK
  Expenses:Food:Restaurant  55.00 DKK

2023-11-20 * "Spotify" "Film, musik & læsestof" #spiir
  spiir-id: "638366047318807025"
  Assets:Checking:Dagligvarer  -149.00 DKK
  Expenses:Entertainment:Media  149.00 DKK

2023-11-20 * "Itunes.Com" "Online services & software" #spiir
  spiir-id: "638366047318807026"
  Assets:Checking:Dagligvarer  -89.00 DKK
  Expenses:Subscriptions:Software  89.00 DKK

2023-11-20 * "MobilePay" "" #spiir
  spiir-id: "638366047318807027"
  Assets:Checking:Dagligvarer  -48.91 DKK
  Expenses:Uncategorized  48.91 DKK

2023-11-20 * "København Steno Ap" "Apotek & medicin" #spiir
  spiir-id: "638366047318807028"
  Assets:Checking:Dagligvarer  -64.90 DKK
  Expenses:Health:Pharmacy  64.90 DKK

2023-11-20 * "Coop App" "Dagligvarer" #spiir
  spiir-id: "638366047318807029"
  Assets:Checking:Dagligvarer  -736.58 DKK
  Expenses:Food:Groceries  736.58 DKK

2023-11-20 * "Dialekt ApS" "Bar, cafe & restaurant" #spiir
  spiir-id: "638366047318807030"
  Assets:Checking:Dagligvarer  -55.00 DKK
  Expenses:Food:Restaurant  55.00 DKK

2023-11-20 * "Lidl" "Dagligvarer" #spiir
  spiir-id: "638366047318807031"
  Assets:Checking:Dagligvarer  -63.90 DKK
  Expenses:Food:Groceries  63.90 DKK

2023-11-21 * "Boulders.dk" "Sport & fritid" #spiir
  spiir-id: "638366047125320424"
  Assets:Checking:Primary  -999.00 DKK
  Expenses:Entertainment:Sports  999.00 DKK

2023-11-21 * "Kihoskh A/S" "Kiosk, bager & specialbutikker" #spiir
  spiir-id: "638366047125320425"
  Assets:Checking:Primary  -38.00 DKK
  Expenses:Food:Kiosk  38.00 DKK

2023-11-21 * "Fra Lee Ann Hollesen" "Dagligvarer" #spiir
  spiir-id: "638366047318807021"
  Assets:Checking:Dagligvarer  1500.00 DKK
  Expenses:Food:Groceries  -1500.00 DKK

2023-11-21 * "Ingo Vasbyg.4" "Brændstof" #spiir
  spiir-id: "638366047318807022"
  Assets:Checking:Dagligvarer  -271.51 DKK
  Expenses:Car:Gas  271.51 DKK

2023-11-21 * "Autodoc*- 99892015 Berlin" "Værksted & reservedele" #spiir
  spiir-id: "638366047318807023"
  Assets:Checking:Dagligvarer  -824.28 DKK
  Expenses:Car:Service  824.28 DKK

2023-11-22 * "Til Dagligvarer" "Kontooverførsel" #spiir
  spiir-id: "638366047125320420"
  Assets:Checking:Primary  -1500.00 DKK
  Assets:Transfer  1500.00 DKK

2023-11-22 * "Bike24 GmbH Dresden" "Anden transport" #spiir
  spiir-id: "638366047125320421"
  Assets:Checking:Primary  -1165.77 DKK
  Expenses:Transport:Other  1165.77 DKK

2023-11-22 * "LaeKARi Slagelse" "Kiosk, bager & specialbutikker" #spiir
  spiir-id: "638366047125320422"
  Assets:Checking:Primary  -60.00 DKK
  Expenses:Food:Kiosk  60.00 DKK

2023-11-22 * "Qure Fysioterapi Koebenhavn V" "Behandling & læger" #spiir
  spiir-id: "638366047125320423"
  Assets:Checking:Primary  -370.00 DKK
  Expenses:Health:Doctor  370.00 DKK

2023-11-22 * "Til Dagligvarer" "Kontooverførsel" #spiir
  spiir-id: "638366047318807019"
  Assets:Checking:Dagligvarer  1500.00 DKK
  Assets:Transfer  -1500.00 DKK

2023-11-22 * "Jacksflightclub Jacksflightcl" "" #spiir
  spiir-id: "638366047318807020"
  Assets:Checking:Dagligvarer  -7.46 DKK
  Expenses:Uncategorized  7.46 DKK

2023-11-23 * "Hvidovre Hovedbibl" "Biograf, koncerter & forlystelser" #spiir
  spiir-id: "638366047125320417"
  Assets:Checking:Primary  -50.00 DKK
  Expenses:Entertainment:Events  50.00 DKK

2023-11-23 * "7-Eleven B479" "Kiosk, bager & specialbutikker" #spiir
  spiir-id: "638366047125320418"
  Assets:Checking:Primary  -55.00 DKK
  Expenses:Food:Kiosk  55.00 DKK

2023-11-23 * "Komplett.Dk M0lzpt560fmsq Sweden" "Elektronik & computerudstyr" #spiir
  spiir-id: "638366047125320419"
  Assets:Checking:Primary  -1379.00 DKK
  Expenses:Shopping:Electronics  1379.00 DKK

2023-11-24 * "MobilePay Orion Madsen" "Gaver & velgørenhed" #spiir
  spiir-id: "638366047125320416"
  Assets:Checking:Primary  -450.00 DKK
  Expenses:Gifts  450.00 DKK

2023-11-25 * "MobilePay FDM-ADFE Danemark" "Gaver & velgørenhed" #spiir
  spiir-id: "638366047125320415"
  Assets:Checking:Primary  -50.00 DKK
  Expenses:Gifts  50.00 DKK

2023-11-26 * "MobilePay Freetrailer" "" #spiir
  spiir-id: "638366047318807018"
  Assets:Checking:Dagligvarer  -84.00 DKK
  Expenses:Uncategorized  84.00 DKK

2023-11-27 * "Spejder Sport" "Tøj, sko & accessories" #spiir
  spiir-id: "638366817827159997"
  Assets:Checking:Primary  -1359.20 DKK
  Expenses:Shopping:Clothing  1359.20 DKK

2023-11-27 * "Cafe Guldregn" "Bar, cafe & restaurant" #spiir
  spiir-id: "638366817827159998"
  Assets:Checking:Primary  -20.00 DKK
  Expenses:Food:Restaurant  20.00 DKK

2023-11-27 * "Cafe Guldregn" "Bar, cafe & restaurant" #spiir
  spiir-id: "638366817827159999"
  Assets:Checking:Primary  -215.00 DKK
  Expenses:Food:Restaurant  215.00 DKK

2023-11-27 * "Spejder Sport A/S" "Hobby & sportsudstyr" #spiir
  spiir-id: "638366817827160000"
  Assets:Checking:Primary  -159.00 DKK
  Expenses:Shopping:Sports  159.00 DKK

2023-11-27 * "Kop & Kande Web Ap" "Møbler & boligudstyr" #spiir
  spiir-id: "638366820340472068"
  Assets:Checking:Dagligvarer  -449.90 DKK
  Expenses:Shopping:Furniture  449.90 DKK

2023-11-27 * "Kvickly Hvidovre" "Dagligvarer" #spiir
  spiir-id: "638366820340472069"
  Assets:Checking:Dagligvarer  -48.00 DKK
  Expenses:Food:Groceries  48.00 DKK

2023-11-27 * "Kvickly Hvidovre" "Dagligvarer" #spiir
  spiir-id: "638366820340472070"
  Assets:Checking:Dagligvarer  -429.00 DKK
  Expenses:Food:Groceries  429.00 DKK

2023-11-27 * "Zoologisk Have i K" "Biograf, koncerter & forlystelser" #spiir
  spiir-id: "638366820340472071"
  Assets:Checking:Dagligvarer  -45.00 DKK
  Expenses:Entertainment:Events  45.00 DKK

2023-11-27 * "www-b-wild.dk" "Tøj, sko & accessories" #spiir
  spiir-id: "638366820340472072"
  Assets:Checking:Dagligvarer  -389.00 DKK
  Expenses:Shopping:Clothing  389.00 DKK

2023-11-27 * "Fra" "Anden indkomst" #spiir
  spiir-id: "638367639192127004"
  Assets:Checking:Primary  156.62 DKK
  Income:Other  -156.62 DKK

2023-11-27 * "Til Dagligvarer" "Kontooverførsel" #spiir
  spiir-id: "638367639192127005"
  Assets:Checking:Primary  -1000.00 DKK
  Assets:Transfer  1000.00 DKK

2023-11-27 * "Til Dagligvarer" "Kontooverførsel" #spiir
  spiir-id: "638367640811519310"
  Assets:Checking:Dagligvarer  1000.00 DKK
  Assets:Transfer  -1000.00 DKK

2023-11-27 * "Black Friday" "Anden indkomst" #spiir
  spiir-id: "638367640811519311"
  Assets:Checking:Dagligvarer  1000.00 DKK
  Income:Other  -1000.00 DKK

2023-11-28 * "AMZ*Sportfits infoØsportfit" "Tøj, sko & accessories" #spiir
  spiir-id: "638367639191971663"
  Assets:Checking:Primary  -639.83 DKK
  Expenses:Shopping:Clothing  639.83 DKK

2023-11-28 * "Udl. kortbetaling, 1.50% af DKK -10" "Bankgebyrer" #spiir
  spiir-id: "638367639192127001"
  Assets:Checking:Primary  -15.78 DKK
  Expenses:Bank:Fees  15.78 DKK

2023-11-28 * "Silverlight Silverlight.S" "Tøj, sko & accessories" #spiir
  spiir-id: "638367639192127002"
  Assets:Checking:Primary  -1051.88 DKK
  Expenses:Shopping:Clothing  1051.88 DKK

2023-11-28 * "WEBAPOTEKET.DK Hadsten" "Apotek & medicin" #spiir
  spiir-id: "638367639192127003"
  Assets:Checking:Primary  -151.15 DKK
  Expenses:Health:Pharmacy  151.15 DKK

2023-11-28 * "Alice Kobenhavn S" "Bar, cafe & restaurant" #spiir
  spiir-id: "638367640811519303"
  Assets:Checking:Dagligvarer  -119.00 DKK
  Expenses:Food:Restaurant  119.00 DKK

2023-11-28 * "Alice Kobenhavn S" "Bar, cafe & restaurant" #spiir
  spiir-id: "638367640811519304"
  Assets:Checking:Dagligvarer  -35.00 DKK
  Expenses:Food:Restaurant  35.00 DKK

2023-11-28 * "Wonderbly Personalised London" "Film, musik & læsestof" #spiir
  spiir-id: "638367640811519305"
  Assets:Checking:Dagligvarer  -247.80 DKK
  Expenses:Entertainment:Media  247.80 DKK

2023-11-28 * "MobilePay EASY PARK A/S" "Parkering" #spiir
  spiir-id: "638367640811519306"
  Assets:Checking:Dagligvarer  -8.50 DKK
  Expenses:Car:Parking  8.50 DKK

2023-11-28 * "Bauhaus Valby" "Ombygning & vedligehold" #spiir
  spiir-id: "638367640811519307"
  Assets:Checking:Dagligvarer  -280.95 DKK
  Expenses:House:Renovation  280.95 DKK

2023-11-28 * "Bauhaus Valby" "Ombygning & vedligehold" #spiir
  spiir-id: "638367640811519308"
  Assets:Checking:Dagligvarer  -70.31 DKK
  Expenses:House:Renovation  70.31 DKK

2023-11-28 * "Jysk D075" "Møbler & boligudstyr" #spiir
  spiir-id: "638367640811519309"
  Assets:Checking:Dagligvarer  -385.00 DKK
  Expenses:Shopping:Furniture  385.00 DKK

2023-11-28 * "downtown.dk" "Bar, cafe & restaurant" #spiir
  spiir-id: "638368449544723555"
  Assets:Checking:Dagligvarer  -144.00 DKK
  Expenses:Food:Restaurant  144.00 DKK

2023-11-29 * "AMZN Mktp DE" "Andet privatforbrug" #spiir
  spiir-id: "638368449544723553"
  Assets:Checking:Dagligvarer  -462.35 DKK
  Expenses:Shopping:Other  462.35 DKK

2023-11-29 * "Thekiddospace London" "" #spiir
  spiir-id: "638368449544723554"
  Assets:Checking:Dagligvarer  -149.00 DKK
  Expenses:Uncategorized  149.00 DKK

2023-11-29 * "A-Z isenkram" "Møbler & boligudstyr" #spiir
  spiir-id: "638369374767831107"
  Assets:Checking:Dagligvarer  -44.95 DKK
  Expenses:Shopping:Furniture  44.95 DKK

2023-11-29 * "Kvickly Hvidovre" "Dagligvarer" #spiir
  spiir-id: "638369374767831108"
  Assets:Checking:Dagligvarer  -365.50 DKK
  Expenses:Food:Groceries  365.50 DKK

2023-11-29 * "MobilePay" "" #spiir
  spiir-id: "638369374767831109"
  Assets:Checking:Dagligvarer  -35.00 DKK
  Expenses:Uncategorized  35.00 DKK

2023-11-30 * "Qure Fysioterapi Koebenhavn V" "Behandling & læger" #spiir
  spiir-id: "638369371996281635"
  Assets:Checking:Primary  -370.00 DKK
  Expenses:Health:Doctor  370.00 DKK

2023-11-30 * "Huslån - PRM" "Kontooverførsel" #spiir
  spiir-id: "638369371996281637"
  Assets:Checking:Primary  -8947.08 DKK
  Assets:Transfer  8947.08 DKK

2023-11-30 * "Nedbetaling huslån - PRM" "Kontooverførsel" #spiir
  spiir-id: "638369371996281638"
  Assets:Checking:Primary  -8947.08 DKK
  Assets:Transfer  8947.08 DKK

2023-11-30 * "Huslån - LAH" "Kontooverførsel" #spiir
  spiir-id: "638369373461417419"
  Assets:Checking:Fixed  8947.08 DKK
  Assets:Transfer  -8947.08 DKK

2023-11-30 * "Huslån - PRM" "Kontooverførsel" #spiir
  spiir-id: "638369373461417420"
  Assets:Checking:Fixed  8947.08 DKK
  Assets:Transfer  -8947.08 DKK

2023-11-30 * "Realkredit Danmark" "Boliglån/husleje" #spiir
  spiir-id: "638369373461417421"
  Assets:Checking:Fixed  -17884.88 DKK
  Expenses:House:Mortgage  17884.88 DKK

2023-12-01 * "Lønoverførsel" "Løn" #spiir
  spiir-id: "638369371996281636"
  Assets:Checking:Primary  30153.33 DKK
  Income:Salary  -30153.33 DKK

2023-12-01 * "ISTED GRILL Kobenhavn V" "Fastfood & takeaway" #spiir
  spiir-id: "638370235267785478"
  Assets:Checking:Primary  -118.00 DKK
  Expenses:Food:Takeaway  118.00 DKK

2023-12-01 * "3 Danmark Koebenhavn SV" "Telefoni & internet" #spiir
  spiir-id: "638370235267785479"
  Assets:Checking:Primary  -163.52 DKK
  Expenses:Subscriptions:Telecom  163.52 DKK

2023-12-01 * "Tandforsikring - PRM" "Kontooverførsel" #spiir
  spiir-id: "638370235267785480"
  Assets:Checking:Primary  -60.00 DKK
  Assets:Transfer  60.00 DKK

2023-12-01 * "Spotify" "Kontooverførsel" #spiir
  spiir-id: "638370235267785481"
  Assets:Checking:Primary  -97.00 DKK
  Assets:Transfer  97.00 DKK

2023-12-01 * "Bilforsikr, afgift - PRM" "Kontooverførsel" #spiir
  spiir-id: "638370235271535542"
  Assets:Checking:Primary  -250.00 DKK
  Assets:Transfer  250.00 DKK

2023-12-01 * "Hus, indboforsikr - PRM" "Kontooverførsel" #spiir
  spiir-id: "638370235271535543"
  Assets:Checking:Primary  -347.00 DKK
  Assets:Transfer  347.00 DKK

2023-12-01 * "El, vand og varme - PRM" "Kontooverførsel" #spiir
  spiir-id: "638370235271535544"
  Assets:Checking:Primary  -1084.00 DKK
  Assets:Transfer  1084.00 DKK

2023-12-01 * "Ejendommensskat - PRM" "Kontooverførsel" #spiir
  spiir-id: "638370235271535545"
  Assets:Checking:Primary  -1224.50 DKK
  Assets:Transfer  1224.50 DKK

2023-12-01 * "Vuggestue - PRM" "Kontooverførsel" #spiir
  spiir-id: "638370235271535546"
  Assets:Checking:Primary  -2010.50 DKK
  Assets:Transfer  2010.50 DKK

2023-12-01 * "Dagligvarer - PRM" "Kontooverførsel" #spiir
  spiir-id: "638370235271535547"
  Assets:Checking:Primary  -3500.00 DKK
  Assets:Transfer  3500.00 DKK

2023-12-01 * "Nordnet Aktiedepot" "Værdipapirshandel" #spiir
  spiir-id: "638370235271535548"
  Assets:Checking:Primary  -5000.00 DKK
  Assets:Savings:Investments  5000.00 DKK

2023-12-01 * "iCloud Fastefæll.udgifte" "Kontooverførsel" #spiir
  spiir-id: "638370235271535549"
  Assets:Checking:Primary  69.00 DKK
  Assets:Transfer  -69.00 DKK

2023-12-01 * "Nettopower ApS" "El, vand, varme & renovation" #spiir
  spiir-id: "638370236187053092"
  Assets:Checking:Fixed  -7692.80 DKK
  Expenses:House:Heating  7692.80 DKK

2023-12-01 * "Tryg" "Indbo- & familieforsikring" #spiir
  spiir-id: "638370236187053100"
  Assets:Checking:Fixed  -378.52 DKK
  Expenses:House:Contents-Insurance  378.52 DKK

2023-12-01 * "Tandforsikring - LAH" "Kontooverførsel" #spiir
  spiir-id: "638370236187053105"
  Assets:Checking:Fixed  60.00 DKK
  Assets:Transfer  -60.00 DKK

2023-12-01 * "Spotify" "Kontooverførsel" #spiir
  spiir-id: "638370236187053111"
  Assets:Checking:Fixed  97.00 DKK
  Assets:Transfer  -97.00 DKK

2023-12-01 * "Bilforsikr, afgift - LAH" "Kontooverførsel" #spiir
  spiir-id: "638370236187053117"
  Assets:Checking:Fixed  250.00 DKK
  Assets:Transfer  -250.00 DKK

2023-12-01 * "Hus, indboforsikr - LAH" "Kontooverførsel" #spiir
  spiir-id: "638370236187053123"
  Assets:Checking:Fixed  347.00 DKK
  Assets:Transfer  -347.00 DKK

2023-12-01 * "El, vand og varme - LAH" "Kontooverførsel" #spiir
  spiir-id: "638370236187053130"
  Assets:Checking:Fixed  1084.00 DKK
  Assets:Transfer  -1084.00 DKK

2023-12-01 * "Ejendomsskat - LAH" "Kontooverførsel" #spiir
  spiir-id: "638370236187053135"
  Assets:Checking:Fixed  1224.50 DKK
  Assets:Transfer  -1224.50 DKK

2023-12-01 * "Vuggestue - LAH" "Kontooverførsel" #spiir
  spiir-id: "638370236187175290"
  Assets:Checking:Fixed  2010.50 DKK
  Assets:Transfer  -2010.50 DKK

2023-12-01 * "Tandforsikring - PRM" "Sundheds- & sygeforsikring" #spiir
  spiir-id: "638370236187175291"
  Assets:Checking:Fixed  60.00 DKK
  Expenses:Insurance:Health  -60.00 DKK

2023-12-01 * "Spotify" "Film, musik & læsestof" #spiir
  spiir-id: "638370236187175292"
  Assets:Checking:Fixed  97.00 DKK
  Expenses:Entertainment:Media  -97.00 DKK

2023-12-01 * "Bilforsikr, afgift - PRM" "Bilforsikring & autohjælp" #spiir
  spiir-id: "638370236187175293"
  Assets:Checking:Fixed  250.00 DKK
  Expenses:Car:Insurance  -250.00 DKK

2023-12-01 * "Hus, indboforsikr - PRM" "Husforsikring" #spiir
  spiir-id: "638370236187175294"
  Assets:Checking:Fixed  347.00 DKK
  Expenses:House:Insurance  -347.00 DKK

2023-12-01 * "El, vand og varme - PRM" "El, vand, varme & renovation" #spiir
  spiir-id: "638370236187175295"
  Assets:Checking:Fixed  1084.00 DKK
  Expenses:House:Heating  -1084.00 DKK

2023-12-01 * "Ejendommensskat - PRM" "Ejendomsskat" #spiir
  spiir-id: "638370236187175296"
  Assets:Checking:Fixed  1224.50 DKK
  Expenses:House:Tax  -1224.50 DKK

2023-12-01 * "Vuggestue - PRM" "Institution" #spiir
  spiir-id: "638370236187175297"
  Assets:Checking:Fixed  2010.50 DKK
  Expenses:Kids:Institution  -2010.50 DKK

2023-12-01 * "iCloud" "Kontooverførsel" #spiir
  spiir-id: "638370236187175298"
  Assets:Checking:Fixed  -69.00 DKK
  Assets:Transfer  69.00 DKK

2023-12-01 * "Fællesudgifter" "Kontooverførsel" #spiir
  spiir-id: "638370237367667415"
  Assets:Checking:Dagligvarer  3500.00 DKK
  Assets:Transfer  -3500.00 DKK

2023-12-01 * "Dagligvarer - PRM" "Dagligvarer" #spiir
  spiir-id: "638370237367667416"
  Assets:Checking:Dagligvarer  3500.00 DKK
  Expenses:Food:Groceries  -3500.00 DKK

2023-12-01 * "hiper.dk" "Telefoni & internet" #spiir
  spiir-id: "638371014369397335"
  Assets:Checking:Primary  -319.00 DKK
  Expenses:Subscriptions:Telecom  319.00 DKK

2023-12-04 * "Carls Jr. Nyborg" "Fastfood & takeaway" #spiir
  spiir-id: "638372722684955009"
  Assets:Checking:Dagligvarer  -141.00 DKK
  Expenses:Food:Takeaway  141.00 DKK

2023-12-04 * "SuperBrugsen Strib" "Dagligvarer" #spiir
  spiir-id: "638372722684955010"
  Assets:Checking:Dagligvarer  -27.00 DKK
  Expenses:Food:Groceries  27.00 DKK

2023-12-04 * "Normal Frederiksb" "Frisør & personlig pleje" #spiir
  spiir-id: "638373554129197457"
  Assets:Checking:Dagligvarer  -39.00 DKK
  Expenses:Shopping:Personal-Care  39.00 DKK

2023-12-04 * "Photocare-Friheden" "Andet privatforbrug" #spiir
  spiir-id: "638373554129197458"
  Assets:Checking:Dagligvarer  -99.00 DKK
  Expenses:Shopping:Other  99.00 DKK

2023-12-04 * "proshop.dk" "Elektronik & computerudstyr" #spiir
  spiir-id: "638373554129197459"
  Assets:Checking:Dagligvarer  -175.00 DKK
  Expenses:Shopping:Electronics  175.00 DKK

2023-12-05 * "Cafe Bauhaus Valby Koebenhavn SV" "Bar, cafe & restaurant" #spiir
  spiir-id: "638373552962463870"
  Assets:Checking:Primary  -38.00 DKK
  Expenses:Food:Restaurant  38.00 DKK

2023-12-05 * "Ok Sb Strib Middelfart" "Brændstof" #spiir
  spiir-id: "638373554129197452"
  Assets:Checking:Dagligvarer  -396.36 DKK
  Expenses:Car:Gas  396.36 DKK

2023-12-05 * "Brobizz.Com Kopenhavn V" "Bus, tog, færge o.l." #spiir
  spiir-id: "638373554129197453"
  Assets:Checking:Dagligvarer  -192.00 DKK
  Expenses:Transport:Public  192.00 DKK

2023-12-05 * "Reshopper ApS" "Tøj, sko & accessories" #spiir
  spiir-id: "638373554129197454"
  Assets:Checking:Dagligvarer  -56.00 DKK
  Expenses:Shopping:Clothing  56.00 DKK

2023-12-05 * "Bauhaus Valby" "Ombygning & vedligehold" #spiir
  spiir-id: "638373554129197455"
  Assets:Checking:Dagligvarer  -360.80 DKK
  Expenses:House:Renovation  360.80 DKK

2023-12-05 * "Lidl" "Dagligvarer" #spiir
  spiir-id: "638373554129197456"
  Assets:Checking:Dagligvarer  -281.45 DKK
  Expenses:Food:Groceries  281.45 DKK

2023-12-05 * "Fri BikeShop Hvido" "Anden transport" #spiir
  spiir-id: "638374488682658021"
  Assets:Checking:Dagligvarer  -299.00 DKK
  Expenses:Transport:Other  299.00 DKK

2023-12-06 * "Hvidovre kommune" "Institution" #spiir
  spiir-id: "638374488370590595"
  Assets:Checking:Fixed  -6031.50 DKK
  Expenses:Kids:Institution  6031.50 DKK

2023-12-06 * "Nordicrace.Dk Greve" "Sport & fritid" #spiir
  spiir-id: "638374488682468684"
  Assets:Checking:Dagligvarer  -782.80 DKK
  Expenses:Entertainment:Sports  782.80 DKK

2023-12-06 * "Brobizz.Com Kopenhavn V" "Bus, tog, færge o.l." #spiir
  spiir-id: "638374488682468685"
  Assets:Checking:Dagligvarer  -192.00 DKK
  Expenses:Transport:Public  192.00 DKK

2023-12-06 * "Freetrailer +4588537700" "Andet privatforbrug" #spiir
  spiir-id: "638374488682658019"
  Assets:Checking:Dagligvarer  -84.00 DKK
  Expenses:Shopping:Other  84.00 DKK

2023-12-06 * "Føtex Frederiksber" "Dagligvarer" #spiir
  spiir-id: "638374488682658020"
  Assets:Checking:Dagligvarer  -542.70 DKK
  Expenses:Food:Groceries  542.70 DKK

2023-12-06 * "Coop365Hvidovre" "Dagligvarer" #spiir
  spiir-id: "638376218519817011"
  Assets:Checking:Dagligvarer  -52.11 DKK
  Expenses:Food:Groceries  52.11 DKK

2023-12-07 * "MobilePay Lauge Jepsen" "Tobak & alkohol" #spiir
  spiir-id: "638376217416997984"
  Assets:Checking:Primary  -83.00 DKK
  Expenses:Food:Alcohol  83.00 DKK

2023-12-07 * "MobilePay Lauge Jepsen" "Tobak & alkohol" #spiir
  spiir-id: "638376217416997985"
  Assets:Checking:Primary  342.25 DKK
  Expenses:Food:Alcohol  -342.25 DKK

2023-12-07 * "MobilePay PJA" "" #spiir
  spiir-id: "638376217416997986"
  Assets:Checking:Primary  342.25 DKK
  Expenses:Uncategorized  -342.25 DKK

2023-12-07 * "MobilePay David" "" #spiir
  spiir-id: "638376217416997987"
  Assets:Checking:Primary  343.00 DKK
  Expenses:Uncategorized  -343.00 DKK

2023-12-07 * "Netto Gl. Køge Lan" "Dagligvarer" #spiir
  spiir-id: "638376218519817006"
  Assets:Checking:Dagligvarer  -32.80 DKK
  Expenses:Food:Groceries  32.80 DKK

2023-12-07 * "Bilka One Stop" "Dagligvarer" #spiir
  spiir-id: "638376218519817007"
  Assets:Checking:Dagligvarer  -542.37 DKK
  Expenses:Food:Groceries  542.37 DKK

2023-12-07 * "Jysk D075" "Møbler & boligudstyr" #spiir
  spiir-id: "638376218519817008"
  Assets:Checking:Dagligvarer  -120.00 DKK
  Expenses:Shopping:Furniture  120.00 DKK

2023-12-07 * "Field´s" "Parkering" #spiir
  spiir-id: "638376218519817009"
  Assets:Checking:Dagligvarer  -5.00 DKK
  Expenses:Car:Parking  5.00 DKK

2023-12-07 * "MobilePay EASY PARK A/S" "Parkering" #spiir
  spiir-id: "638376218519817010"
  Assets:Checking:Dagligvarer  -8.50 DKK
  Expenses:Car:Parking  8.50 DKK

2023-12-08 * "AMZN Mktp DE" "Andet privatforbrug" #spiir
  spiir-id: "638376218519817005"
  Assets:Checking:Dagligvarer  -577.19 DKK
  Expenses:Shopping:Other  577.19 DKK

2023-12-08 * "Kennedys Irish Bar" "Bar, cafe & restaurant" #spiir
  spiir-id: "638377054355014264"
  Assets:Checking:Primary  -60.00 DKK
  Expenses:Food:Restaurant  60.00 DKK

2023-12-08 * "Kennedys Irish Bar" "Bar, cafe & restaurant" #spiir
  spiir-id: "638377054355014265"
  Assets:Checking:Primary  -38.00 DKK
  Expenses:Food:Restaurant  38.00 DKK

2023-12-08 * "MobilePay Christina Lund Hansen" "" #spiir
  spiir-id: "638377055445629568"
  Assets:Checking:Dagligvarer  -50.00 DKK
  Expenses:Uncategorized  50.00 DKK

2023-12-08 * "MobilePay Barselsgave til Sara" "" #spiir
  spiir-id: "638377055445629569"
  Assets:Checking:Dagligvarer  -20.00 DKK
  Expenses:Uncategorized  20.00 DKK

2023-12-09 * "MobilePay EASY PARK A/S" "Parkering" #spiir
  spiir-id: "638377055445442250"
  Assets:Checking:Dagligvarer  -41.34 DKK
  Expenses:Car:Parking  41.34 DKK

2023-12-09 * "MobilePay Line Petersen" "" #spiir
  spiir-id: "638377895675091237"
  Assets:Checking:Dagligvarer  -20.00 DKK
  Expenses:Uncategorized  20.00 DKK

2023-12-11 * "Bar 109 Vesterbro Aps Dk-1650 Ka" "Bar, cafe & restaurant" #spiir
  spiir-id: "638378730690798839"
  Assets:Checking:Primary  -52.00 DKK
  Expenses:Food:Restaurant  52.00 DKK

2023-12-11 * "Ssam" "Bar, cafe & restaurant" #spiir
  spiir-id: "638378730690798840"
  Assets:Checking:Primary  -1369.00 DKK
  Expenses:Food:Restaurant  1369.00 DKK

2023-12-11 * "Kvickly Hvidovre" "Dagligvarer" #spiir
  spiir-id: "638378732181717262"
  Assets:Checking:Dagligvarer  -507.87 DKK
  Expenses:Food:Groceries  507.87 DKK

2023-12-11 * "Netto Hvidovrevej" "Dagligvarer" #spiir
  spiir-id: "638378732181717263"
  Assets:Checking:Dagligvarer  -214.40 DKK
  Expenses:Food:Groceries  214.40 DKK

2023-12-11 * "MobilePay Lee Ann Hollesen" "Hobby & sportsudstyr" #spiir
  spiir-id: "638379659679539468"
  Assets:Checking:Primary  -2106.00 DKK
  Expenses:Shopping:Sports  2106.00 DKK

2023-12-11 * "Til Dagligvarer" "Kontooverførsel" #spiir
  spiir-id: "638379659679539469"
  Assets:Checking:Primary  -2000.00 DKK
  Assets:Transfer  2000.00 DKK

2023-12-11 * "Fra Primary" "Kontooverførsel" #spiir
  spiir-id: "638379661238278581"
  Assets:Checking:Dagligvarer  2000.00 DKK
  Assets:Transfer  -2000.00 DKK

2023-12-11 * "Fra Lee Ann Hollesen" "Dagligvarer" #spiir
  spiir-id: "638379661238278582"
  Assets:Checking:Dagligvarer  2000.00 DKK
  Expenses:Food:Groceries  -2000.00 DKK

2023-12-11 * "Kvickly Hvidovre" "Dagligvarer" #spiir
  spiir-id: "638379661238278583"
  Assets:Checking:Dagligvarer  -324.90 DKK
  Expenses:Food:Groceries  324.90 DKK

2023-12-11 * "Netto Hvidovrevej" "Dagligvarer" #spiir
  spiir-id: "638379661238278584"
  Assets:Checking:Dagligvarer  -99.75 DKK
  Expenses:Food:Groceries  99.75 DKK

2023-12-11 * "Netto Hvidovrevej" "Dagligvarer" #spiir
  spiir-id: "638379661238278585"
  Assets:Checking:Dagligvarer  -243.30 DKK
  Expenses:Food:Groceries  243.30 DKK

2023-12-12 * "R-Bakery Hvidovre" "Kiosk, bager & specialbutikker" #spiir
  spiir-id: "638379659679539467"
  Assets:Checking:Primary  -60.00 DKK
  Expenses:Food:Kiosk  60.00 DKK

2023-12-12 * "R-Bakery Hvidovre" "Kiosk, bager & specialbutikker" #spiir
  spiir-id: "638379661238278580"
  Assets:Checking:Dagligvarer  -43.00 DKK
  Expenses:Food:Kiosk  43.00 DKK

2023-12-12 * "downtown.dk" "Bar, cafe & restaurant" #spiir
  spiir-id: "638380486815405235"
  Assets:Checking:Dagligvarer  -218.00 DKK
  Expenses:Food:Restaurant  218.00 DKK

2023-12-12 * "MobilePay Dan Schou" "" #spiir
  spiir-id: "638380486815405236"
  Assets:Checking:Dagligvarer  -440.33 DKK
  Expenses:Uncategorized  440.33 DKK

2023-12-13 * "Udl. kortbetaling, 1.50% af DKK -10" "Bankgebyrer" #spiir
  spiir-id: "638380485366216062"
  Assets:Checking:Primary  -1.56 DKK
  Expenses:Bank:Fees  1.56 DKK

2023-12-13 * "Audible*Z82704LG3 Amzn.com/bill" "" #spiir
  spiir-id: "638380485366216063"
  Assets:Checking:Primary  -103.78 DKK
  Expenses:Uncategorized  103.78 DKK

2023-12-13 * "AMZ*Sportfits 085-149083953" "Tøj, sko & accessories" #spiir
  spiir-id: "638380485366216064"
  Assets:Checking:Primary  639.56 DKK
  Expenses:Shopping:Clothing  -639.56 DKK

2023-12-13 * "Hvidovre Apotek Hvidovre" "Apotek & medicin" #spiir
  spiir-id: "638380486815405232"
  Assets:Checking:Dagligvarer  -116.55 DKK
  Expenses:Health:Pharmacy  116.55 DKK

2023-12-13 * "Itunes.Com" "Online services & software" #spiir
  spiir-id: "638380486815405233"
  Assets:Checking:Dagligvarer  -149.00 DKK
  Expenses:Subscriptions:Software  149.00 DKK

2023-12-13 * "downtown.dk" "Bar, cafe & restaurant" #spiir
  spiir-id: "638380486815405234"
  Assets:Checking:Dagligvarer  -109.00 DKK
  Expenses:Food:Restaurant  109.00 DKK

2023-12-14 * "AMZN Mktp DE" "Andet privatforbrug" #spiir
  spiir-id: "638381343755804877"
  Assets:Checking:Primary  -611.90 DKK
  Expenses:Shopping:Other  611.90 DKK

2023-12-14 * "Google Nest g.co/helppayÆ" "Alarmsystem" #spiir
  spiir-id: "638381345211931099"
  Assets:Checking:Dagligvarer  -40.00 DKK
  Expenses:House:Alarm  40.00 DKK

2023-12-14 * "HART - kødbyen" "Kiosk, bager & specialbutikker" #spiir
  spiir-id: "638382209298603973"
  Assets:Checking:Primary  -115.00 DKK
  Expenses:Food:Kiosk  115.00 DKK

2023-12-14 * "Coop365Hvidovre" "Dagligvarer" #spiir
  spiir-id: "638382211784875465"
  Assets:Checking:Dagligvarer  -353.28 DKK
  Expenses:Food:Groceries  353.28 DKK

2023-12-14 * "MobilePay Tvillingernes juletræer" "" #spiir
  spiir-id: "638382211784875466"
  Assets:Checking:Dagligvarer  -200.00 DKK
  Expenses:Uncategorized  200.00 DKK

2023-12-18 * "BR Fisketorv" "Spil & legetøj" #spiir
  spiir-id: "638384800763842694"
  Assets:Checking:Primary  -40.00 DKK
  Expenses:Kids:Toys  40.00 DKK

2023-12-18 * "Netto Hvidovrevej" "Dagligvarer" #spiir
  spiir-id: "638384802178071757"
  Assets:Checking:Dagligvarer  -246.15 DKK
  Expenses:Food:Groceries  246.15 DKK

2023-12-18 * "Bauhaus Valby" "Ombygning & vedligehold" #spiir
  spiir-id: "638385655648948675"
  Assets:Checking:Dagligvarer  -169.95 DKK
  Expenses:House:Renovation  169.95 DKK

2023-12-18 * "Bauhaus Valby" "Ombygning & vedligehold" #spiir
  spiir-id: "638385655648948676"
  Assets:Checking:Dagligvarer  -180.85 DKK
  Expenses:House:Renovation  180.85 DKK

2023-12-19 * "R-Bakery Hvidovre" "Kiosk, bager & specialbutikker" #spiir
  spiir-id: "638385654204110108"
  Assets:Checking:Primary  -60.00 DKK
  Expenses:Food:Kiosk  60.00 DKK

2023-12-19 * "Raceresult.Com Vissenbjerg" "Sport & fritid" #spiir
  spiir-id: "638385655648948673"
  Assets:Checking:Dagligvarer  -330.00 DKK
  Expenses:Entertainment:Sports  330.00 DKK

2023-12-19 * "Spotify" "Film, musik & læsestof" #spiir
  spiir-id: "638385655648948674"
  Assets:Checking:Dagligvarer  -149.00 DKK
  Expenses:Entertainment:Media  149.00 DKK

2023-12-19 * "Kvickly Hvidovre" "Dagligvarer" #spiir
  spiir-id: "638386570773743756"
  Assets:Checking:Dagligvarer  -207.95 DKK
  Expenses:Food:Groceries  207.95 DKK

2023-12-20 * "EGEBAK K benhavn" "Bar, cafe & restaurant" #spiir
  spiir-id: "638386570773743754"
  Assets:Checking:Dagligvarer  -45.00 DKK
  Expenses:Food:Restaurant  45.00 DKK

2023-12-20 * "Itunes.Com" "Online services & software" #spiir
  spiir-id: "638386570773743755"
  Assets:Checking:Dagligvarer  -89.00 DKK
  Expenses:Subscriptions:Software  89.00 DKK

2023-12-21 * "Hvidovre Apotek Hvidovre" "Apotek & medicin" #spiir
  spiir-id: "638387455582456574"
  Assets:Checking:Dagligvarer  -105.70 DKK
  Expenses:Health:Pharmacy  105.70 DKK

2023-12-21 * "Trekroner Apotek" "Apotek & medicin" #spiir
  spiir-id: "638388276707399621"
  Assets:Checking:Primary  -190.40 DKK
  Expenses:Health:Pharmacy  190.40 DKK

2023-12-21 * "MobilePay Karsten Bjarnholt" "" #spiir
  spiir-id: "638388276707399622"
  Assets:Checking:Primary  -30.00 DKK
  Expenses:Uncategorized  30.00 DKK

2023-12-21 * "Trekroner Apotek" "Apotek & medicin" #spiir
  spiir-id: "638388278337872167"
  Assets:Checking:Dagligvarer  -172.60 DKK
  Expenses:Health:Pharmacy  172.60 DKK

2023-12-22 * "Kvickly Hvidovre" "Dagligvarer" #spiir
  spiir-id: "638389120024364332"
  Assets:Checking:Dagligvarer  -38.00 DKK
  Expenses:Food:Groceries  38.00 DKK

2023-12-22 * "Kvickly Hvidovre" "Dagligvarer" #spiir
  spiir-id: "638389120024364333"
  Assets:Checking:Dagligvarer  -841.30 DKK
  Expenses:Food:Groceries  841.30 DKK

2023-12-22 * "Kvickly Hvidovre" "Dagligvarer" #spiir
  spiir-id: "638389120024364334"
  Assets:Checking:Dagligvarer  -12.00 DKK
  Expenses:Food:Groceries  12.00 DKK

2023-12-22 * "Kvickly Hvidovre" "Dagligvarer" #spiir
  spiir-id: "638389120024364335"
  Assets:Checking:Dagligvarer  -12.00 DKK
  Expenses:Food:Groceries  12.00 DKK

2023-12-22 * "tipster.dk 1-2-2" "" #spiir
  spiir-id: "638389120024364336"
  Assets:Checking:Dagligvarer  -390.00 DKK
  Expenses:Uncategorized  390.00 DKK

2023-12-23 * "MobilePay Orion Madsen" "Gaver & velgørenhed" #spiir
  spiir-id: "638390003773516181"
  Assets:Checking:Primary  -450.00 DKK
  Expenses:Gifts  450.00 DKK

2023-12-27 * "Infoteria Lillebæl" "Fastfood & takeaway" #spiir
  spiir-id: "638392594236997025"
  Assets:Checking:Primary  -97.00 DKK
  Expenses:Food:Takeaway  97.00 DKK

2023-12-27 * "MobilePay" "" #spiir
  spiir-id: "638392595448571633"
  Assets:Checking:Dagligvarer  -840.00 DKK
  Expenses:Uncategorized  840.00 DKK

2023-12-27 * "Netto Gl. Køge Lan" "Dagligvarer" #spiir
  spiir-id: "638392595448571634"
  Assets:Checking:Dagligvarer  -194.67 DKK
  Expenses:Food:Groceries  194.67 DKK

2023-12-27 * "Spilhuset Vigersle" "Kiosk, bager & specialbutikker" #spiir
  spiir-id: "638392595448571635"
  Assets:Checking:Dagligvarer  -219.00 DKK
  Expenses:Food:Kiosk  219.00 DKK

2023-12-27 * "Dagli Brugsen" "Dagligvarer" #spiir
  spiir-id: "638392595448571636"
  Assets:Checking:Dagligvarer  -71.00 DKK
  Expenses:Food:Groceries  71.00 DKK

2023-12-28 * "IMPACT COFFEE ApS Valby" "Bar, cafe & restaurant" #spiir
  spiir-id: "638393465890335162"
  Assets:Checking:Primary  -35.00 DKK
  Expenses:Food:Restaurant  35.00 DKK

2023-12-28 * "IMPACT COFFEE ApS Valby" "Bar, cafe & restaurant" #spiir
  spiir-id: "638393465890335163"
  Assets:Checking:Primary  -190.00 DKK
  Expenses:Food:Restaurant  190.00 DKK

2023-12-28 * "Det Gyldne Broed Ap Hvidovre" "Kiosk, bager & specialbutikker" #spiir
  spiir-id: "638393467603345721"
  Assets:Checking:Dagligvarer  -72.00 DKK
  Expenses:Food:Kiosk  72.00 DKK

2023-12-28 * "Til Dagligvarer" "Kontooverførsel" #spiir
  spiir-id: "638394319342667816"
  Assets:Checking:Primary  -1500.00 DKK
  Assets:Transfer  1500.00 DKK

2023-12-28 * "qservice.shop" "Ombygning & vedligehold" #spiir
  spiir-id: "638394321670659425"
  Assets:Checking:Dagligvarer  -154.00 DKK
  Expenses:House:Renovation  154.00 DKK

2023-12-28 * "Til Dagligvarer" "Kontooverførsel" #spiir
  spiir-id: "638394321670659426"
  Assets:Checking:Dagligvarer  1500.00 DKK
  Assets:Transfer  -1500.00 DKK

2023-12-28 * "Fra Lee Ann Hollesen" "Dagligvarer" #spiir
  spiir-id: "638394321670659427"
  Assets:Checking:Dagligvarer  1500.00 DKK
  Expenses:Food:Groceries  -1500.00 DKK

2023-12-28 * "downtown.dk" "Bar, cafe & restaurant" #spiir
  spiir-id: "638394321670659428"
  Assets:Checking:Dagligvarer  -286.75 DKK
  Expenses:Food:Restaurant  286.75 DKK

2023-12-29 * "R-Bakery Hvidovre" "Kiosk, bager & specialbutikker" #spiir
  spiir-id: "638394319342667812"
  Assets:Checking:Primary  -60.00 DKK
  Expenses:Food:Kiosk  60.00 DKK

2023-12-29 * "Huslån - PRM" "Kontooverførsel" #spiir
  spiir-id: "638394319342667813"
  Assets:Checking:Primary  -8947.08 DKK
  Assets:Transfer  8947.08 DKK

2023-12-29 * "Nedbetaling huslån - PRM" "Kontooverførsel" #spiir
  spiir-id: "638394319342667814"
  Assets:Checking:Primary  -8947.08 DKK
  Assets:Transfer  8947.08 DKK

2023-12-29 * "Huslån - LAH" "Kontooverførsel" #spiir
  spiir-id: "638394320604582383"
  Assets:Checking:Fixed  8947.08 DKK
  Assets:Transfer  -8947.08 DKK

2023-12-29 * "Huslån - PRM" "Kontooverførsel" #spiir
  spiir-id: "638394320604582384"
  Assets:Checking:Fixed  8947.08 DKK
  Assets:Transfer  -8947.08 DKK

2023-12-29 * "Realkredit Danmark" "Boliglån/husleje" #spiir
  spiir-id: "638394320604582385"
  Assets:Checking:Fixed  -17884.86 DKK
  Expenses:House:Mortgage  17884.86 DKK

2023-12-29 * "MobilePay Lee Ann Hollesen" "Hobby & sportsudstyr" #spiir
  spiir-id: "638395184029399708"
  Assets:Checking:Primary  500.00 DKK
  Expenses:Shopping:Sports  -500.00 DKK

2023-12-29 * "MobilePay Steffen Nordenstam" "" #spiir
  spiir-id: "638395184029399709"
  Assets:Checking:Primary  -2500.00 DKK
  Expenses:Uncategorized  2500.00 DKK

2023-12-29 * "Netto Gl. Køge Lan" "Dagligvarer" #spiir
  spiir-id: "638395186206292839"
  Assets:Checking:Dagligvarer  -355.05 DKK
  Expenses:Food:Groceries  355.05 DKK

2023-12-29 * "Interest" "Renteindtægter" #spiir
  spiir-id: "638396931406624283"
  Assets:Checking:Primary  31.51 DKK
  Income:Interest  -31.51 DKK

2023-12-29 * "Interest" "Renteindtægter" #spiir
  spiir-id: "638396932107107649"
  Assets:Checking:Fixed  17.30 DKK
  Income:Interest  -17.30 DKK

2023-12-29 * "Debit interest" "Udlånsrenter" #spiir
  spiir-id: "638396932984485459"
  Assets:Checking:Dagligvarer  -12.31 DKK
  Expenses:Loans:Interest  12.31 DKK

2023-12-29 * "Interest" "Renteindtægter" #spiir
  spiir-id: "638396932984485460"
  Assets:Checking:Dagligvarer  1.94 DKK
  Income:Interest  -1.94 DKK

2023-12-30 * "MobilePay Jacob Haastrup" "" #spiir
  spiir-id: "638396065581363746"
  Assets:Checking:Primary  -350.00 DKK
  Expenses:Uncategorized  350.00 DKK

